1669 2737
571 89 738 123 LIBER
767 90 863 126 XII.
896 85 1078 138 29-106.
1440 97 1523 139 323

139 196 170 234 si
199 196 282 246 quis
312 197 415 242 ebur,
444 203 509 233 aut
537 196 654 232 mixta
682 197 820 234 rubent
848 197 912 234 ubi
941 197 1016 234 lilia
1046 197 1163 234 multa

138 256 224 292 alba
252 268 362 293 rosa:
403 255 497 292 tales
525 255 631 304 virgo
662 255 776 292 dabat
805 268 870 293 ore
901 256 1057 293 colores.

137 313 251 351 Illum
280 315 407 352 turbat
436 326 554 359 amor,
584 314 739 363 figitque
768 314 807 351 in
836 315 978 363 virgine
1008 315 1154 352 vultus:
1485 331 1523 360 70

137 374 242 411 ardet
270 374 310 410 in
339 386 445 411 arma
474 373 597 422 magis
627 373 833 422 paucisque
863 373 998 410 affatur
1027 375 1229 411 Amatam:

138 432 232 479 ‘Ne‚
263 445 419 483 quaeso,
449 446 498 471 ne
526 445 588 470 me
616 432 780 470 lacrimis
809 445 905 470 neve
935 433 1064 470 omine
1094 439 1200 470 tanto

134 505 368 542 prosequere
396 494 436 531 in
465 493 547 531 duri
577 494 784 531 certamina
812 492 946 530 Martis
977 499 1141 537 euntem,

135 564 159 589 o
188 558 331 600 mater;
372 565 498 602 neque
527 553 628 590 enim
659 552 794 589 Turno
825 564 933 589 mora
962 551 1079 589 libera
1108 552 1251 589 mortis.

134 610 302 649 Nuntius
329 611 428 650 haec
457 611 598 649 Idmon
626 610 792 660 Phqrgio
821 623 907 647 mea
938 610 1037 647 dicta
1066 617 1229 659 tyranno

134 670 238 708 haud
266 671 449 720 placitura
476 670 594 708 refer:
633 682 722 708 cum
751 670 916 719 primum
946 670 1108 707 crastina
1137 669 1243 707 caelo

134 729 307 778 puniceis
336 729 484 767 invecta
512 730 605 766 rotis
634 729 783 766 Aurora
810 729 970 772 rubebit,

134 798 214 825 non
243 787 417 825 Teucros
446 794 535 836 agat
564 788 603 824 in
634 786 807 832 Rutulos,
839 786 1034 823 Teucrum
1064 799 1169 823 arma
1197 787 1395 836 quiescant

134 855 171 885 et
200 847 352 894 Rutuli;
391 855 524 886 nostro
554 848 775 886 dirimamus
805 848 993 896 sanguine
1023 848 1175 893 bellurn,

134 909 196 946 illo
226 917 428 958 quaeratur
457 910 627 947 coniunx
657 908 815 946 Lavinia
844 907 1006 957 campo!
1476 919 1516 948 80

187 968 299 1007 Haec
326 971 392 1008 ubi
422 970 522 1008 dicta
551 969 655 1007 dedit
682 969 914 1019 rapidusque
943 969 982 1005 in
1013 974 1110 1005 tecta
1140 970 1305 1016 recessit,

132 1028 258 1075 poscit
286 1041 408 1078 equos
436 1029 655 1078 gaudetque
683 1035 794 1066 tuens
825 1034 912 1065 ante
941 1039 1008 1065 ora
1037 1027 1251 1074 frementes,

132 1086 310 1125 Pilumno
340 1100 438 1138 quos
466 1089 549 1138 ipsa
577 1088 694 1126 decus
723 1088 826 1126 dedit
856 1087 1037 1137 Orithyia,

133 1146 200 1194 qui
228 1146 394 1184 candore
423 1148 528 1185 nives
557 1148 753 1194 anteirent,
783 1148 953 1185 cursibus
983 1160 1102 1185 auras.

134 1203 390 1244 Circumstant
418 1207 571 1256 properi
600 1207 753 1256 aurigae
781 1207 1034 1257 manibusque
1063 1207 1254 1245 lacessunt
1473 1214 1510 1252 85

132 1271 290 1313 pectora
318 1265 450 1314 plausa
479 1266 581 1304 cavis
609 1273 647 1303 et
675 1265 773 1304 colla
802 1266 993 1304 comantia
1022 1273 1191 1315 pectunt.

133 1323 222 1372 Ipse
251 1323 390 1363 dehinc
417 1337 509 1363 auro
539 1325 775 1374 squalentem
804 1325 968 1375 alboque
997 1326 1190 1363 orichalco

132 1386 341 1424 circumdat
368 1387 525 1425 loricam
554 1388 721 1432 umeris3
761 1387 872 1425 simul
901 1395 1005 1437 aptat
1034 1388 1213 1426 habendo

131 1457 340 1496 ensemque
369 1446 609 1496 clipeumque
639 1453 675 1484 et
704 1447 838 1484 rubrae
868 1459 1012 1484 cornua
1041 1447 1186 1490 cristae,

132 1517 276 1551 ensem,
307 1518 422 1556 quern
451 1506 593 1544 Dauno
622 1506 840 1555 ignipotens
871 1506 963 1544 deus
993 1507 1075 1555 ipse
1105 1507 1254 1557 parenti
1474 1520 1516 1553 90

130 1563 272 1601 fecerat
299 1571 337 1602 et
367 1563 498 1613 Stygia
527 1565 756 1602 candentem
786 1565 947 1602 tinxerat
976 1564 1091 1602 unda.

129 1621 231 1660 Exin
260 1635 358 1672 quae
387 1623 521 1660 mediis
550 1623 695 1672 ingenti
723 1624 865 1660 annixa
893 1624 1096 1661 columnae

130 1682 288 1719 aedibus
317 1683 475 1728 astabat,
506 1682 669 1719 validam
698 1683 733 1719 vi
762 1683 913 1732 corripit
941 1683 1102 1727 hastam,

129 1741 283 1778 Actoris
311 1741 484 1778 Aurunci
513 1742 690 1790 spolium,
721 1750 951 1791 quassatque
980 1750 1206 1779 trementem

129 1799 363 1838 vociferans:
405 1799 556 1846 ‘Nunc,
586 1813 610 1838 o
640 1813 855 1849 numquam
885 1801 1057 1838 frustrata
1086 1809 1243 1838 vocatus
1473 1817 1511 1848 95

128 1859 238 1897 hasta
267 1872 388 1905 meos,
419 1873 522 1898 nunc
552 1868 704 1911 tempus
733 1862 863 1898 adest:
905 1868 941 1898 te
970 1861 1160 1898 maximus
1191 1862 1318 1906 Actor,

127 1926 165 1955 te
195 1918 319 1955 Turni
347 1931 451 1957 nunc
481 1920 615 1957 dextra
644 1921 748 1969 gerit.
806 1920 867 1957 Da
897 1927 1062 1958 sternere
1094 1932 1232 1970 corpus

128 1977 361 2026 loricamque
389 1990 509 2015 manu
536 1979 659 2016 valida
687 1979 853 2016 lacerare
882 1979 1070 2015 revulsam

129 2037 294 2073 semiviri
322 2036 481 2085 Phrygis
510 2045 548 2075 et
579 2038 731 2075 foedare
760 2039 799 2074 in
830 2038 982 2086 pulvere
1013 2039 1134 2076 crines

128 2095 294 2132 vibratos
324 2096 446 2133 calido
474 2096 573 2134 ferro
602 2108 801 2146 murraque
832 2097 1052 2134 madentes?
1454 2114 1513 2136 100

130 2153 206 2191 His
235 2155 358 2202 agitur
386 2154 511 2201 furiis3
550 2162 708 2204 totoque
736 2156 899 2193 ardentis
928 2157 976 2193 ab
1005 2168 1071 2194 ore

131 2212 312 2250 scintillae
342 2213 528 2258 absiliunt,
558 2214 678 2251 oculis
706 2215 821 2252 micat
849 2216 996 2252 acribus
1027 2216 1151 2265 ignis:

129 2271 298 2320 mugitus
327 2271 440 2308 veluti
468 2284 556 2309 cum
586 2273 708 2321 prima
737 2274 776 2309 in
805 2273 948 2322 proelia
977 2282 1107 2312 taurus

129 2331 312 2369 terrificos
342 2330 416 2368 ciet
444 2338 558 2381 atque
588 2332 697 2370 irasci
726 2333 765 2369 in
795 2345 938 2371 cornua
969 2340 1139 2384 temptat,

131 2391 272 2429 arboris
302 2391 467 2429 obnixus
496 2398 644 2437 trunco,
674 2400 882 2442 ventosque
911 2393 1062 2431 lacessit
1452 2410 1510 2442 105

131 2451 267 2490 ictibus
296 2458 357 2488 aut
386 2462 517 2500 sparsa
545 2451 593 2488 ad
622 2464 792 2501 pugnam
822 2452 986 2500 proludit
1015 2453 1166 2491 harena.

786 2534 859 2560 Y2
