1669 2737
112 92 192 122 202
684 84 909 122 AENEJS.

111 194 245 232 inclusi
274 206 441 243 poenam
471 200 706 244 exspectant.
765 195 826 232 Ne
856 207 997 244 quaere
1027 196 1157 233 doceri

110 266 226 302 quarn
254 266 433 302 poenam,
464 261 527 290 aut
558 266 656 302 quae
686 254 807 291 forma
837 256 935 292 viros
965 254 1164 292 fortunave
1194 254 1336 291 mersit.
1433 259 1496 298 615

113 313 256 350 Saxum
286 313 421 360 ingens
451 311 605 348 volvunt
634 312 706 358 alii,
736 313 924 362 radiisque
953 320 1121 351 rotarum

111 371 267 409 districti
296 370 465 420 pendent
476 384 485 417 ;
530 371 637 407 sedet
667 378 941 421 aeternumque
971 373 1120 410 sedebit

111 430 240 468 infelix
270 430 445 467 Theseus
461 443 471 476 3
508 429 774 480 Phlegyasque
803 432 1035 469 miserrimus
1064 444 1201 469 omnes

111 491 295 527 admonet
323 496 360 526 et
388 501 530 537 magna
559 496 715 526 testatur
743 502 837 528 voce
866 503 934 540 per
961 492 1140 528 umbras:

112 549 291 586 “Discite
320 549 498 585 iustitiam
528 549 662 584 moniti
691 556 727 586 et
757 562 837 586 non
866 557 1036 587 temnere
1063 549 1205 587 divos.'’
1438 554 1502 585 620

111 608 294 645 Vendidit
323 607 384 644 hic
414 619 506 643 auro
536 607 697 655 patriam
727 608 1004 658 dominumque
1033 616 1229 657 potentem

111 667 304 716 imposuit,
334 667 414 703 fixit
442 666 548 714 leges
578 667 701 715 pretio
731 673 844 716 atque
873 668 1016 713 refixit;

111 726 172 763 hic
202 726 410 763 thalamum
441 725 577 762 invasit
604 732 716 762 natae
746 727 956 776 vetitosque
985 727 1244 776 hymenae0s3

113 786 193 822 ausi
223 796 360 822 omnes
389 785 557 821 immane
587 784 692 822 nefas
722 797 894 834 ausoque
923 786 1044 836 potiti.

113 843 217 891 Non,
247 844 340 881 mihi
368 845 397 881 si
427 844 580 893 linguae
609 852 763 882 centum
793 846 866 882 sint
894 858 1037 894 oraque
1067 852 1232 889 centum,
1438 850 1498 887 625

112 903 233 941 ferrea
261 916 347 949 vox,
379 915 515 940 omnes
545 903 731 940 scelerum
761 905 1035 953 comprendere
1064 904 1218 948 formas,

112 964 242 999 omnia
271 974 481 1012 poenarum
511 974 728 1011 percurrere
758 965 914 1000 nomina
943 963 1113 1012 possim.y

167 1022 277 1059 Haec
306 1022 371 1058 ubi
402 1022 504 1058 dicta
533 1021 636 1058 dedit
666 1022 813 1059 Phoebi
842 1023 1030 1070 longaeva
1058 1021 1251 1065 sacerdos,

116 1082 213 1119 ‘Sed
242 1082 318 1118 iarn
347 1093 431 1129 age,
461 1092 574 1129 carpe
602 1081 702 1118 viam
731 1088 768 1118 et
797 1088 1018 1130 susceptum
1047 1081 1187 1130 perfice
1217 1091 1366 1117 munus.

112 1140 396 1179 Acceleremus’
425 1141 499 1178 ait:
537 1139 776 1189 ‘Cyelopum
807 1142 944 1178 educta
973 1141 1133 1178 caminis
1436 1143 1500 1182 630

113 1201 267 1238 moenia
296 1200 494 1248 conspicio
525 1206 640 1248 atque
670 1200 830 1238 adverso
861 1201 1004 1237 fornice
1034 1207 1174 1250 portas,

113 1261 209 1298 haec
239 1260 303 1297 ubi
333 1271 404 1296 nos
434 1266 639 1308 praecepta
668 1260 801 1297 iubent
830 1260 1024 1310 deponere
1053 1258 1179 1296 dona.¹

113 1320 270 1357 Dixerat
299 1326 336 1356 et
364 1319 502 1367 pariter
529 1319 648 1367 gressi
677 1331 744 1368 per
773 1332 896 1369 opaca
924 1320 1069 1356 viarum

115 1380 323 1429 corripiunt
352 1379 516 1428 spatium
545 1380 717 1416 medium
746 1380 967 1429 foribusque
996 1379 1265 1428 propinquant.

116 1439 293 1487 Occupat
321 1439 474 1475 Aeneas
504 1438 649 1474 aditum
679 1451 895 1488 corpusque
926 1438 1067 1476 recenti
1440 1442 1501 1482 635

115 1500 258 1549 spargit
287 1510 386 1546 aqua
415 1509 640 1546 ramumque
670 1498 830 1535 adverso
860 1499 898 1535 in
927 1498 1057 1534 limine
1087 1497 1178 1545 figit.

170 1558 243 1594 His
273 1558 429 1595 demum
459 1558 614 1601 exactis,
645 1557 813 1605 perfecto
842 1570 1000 1595 munere
1029 1557 1150 1597 divae,

116 1619 305 1656 devenere
334 1616 443 1653 locos
473 1616 592 1652 laetos
621 1622 658 1652 et
688 1629 853 1654 amoena
882 1618 999 1654 vireta

115 1677 394 1715 fortunatorum
423 1687 624 1712 nemorum
654 1676 840 1725 sedesque
869 1677 1009 1714 beatas.

117 1736 276 1785 Largior
306 1735 366 1772 hic
396 1746 556 1783 campos
586 1735 716 1772 aether
744 1742 781 1772 et
809 1736 951 1773 lumine
981 1736 1091 1774 vestit
1443 1738 1506 1777 6.ιο

116 1807 320 1845 purpureo,
351 1793 549 1842 solemque
578 1805 702 1839 suum,
732 1806 801 1831 sua
830 1795 952 1832 sidera
980 1801 1132 1831 norunt.

118 1855 209 1892 Pars
238 1855 277 1890 in
307 1853 511 1902 gramineis
541 1860 721 1890 exercent
750 1855 922 1890 membra
950 1853 1160 1902 palaestris,

118 1913 355 1951 contendunt
384 1911 474 1948 ludo
504 1918 541 1948 et
569 1910 668 1948 fulva
697 1912 887 1949 luctantur
916 1913 1079 1958 harena3

117 1985 205 2022 pars
234 1972 396 2021 pedibus
426 1970 612 2019 plaudunt
641 1970 799 2008 choreas
828 1978 864 2008 et
893 1972 1063 2009 carmina
1092 1959 1326 2038 dicuntrss
1354 1989 1364 2000 ι

118 2031 202 2069 Nec
231 2043 310 2068 non
340 2030 540 2067 Threicius
569 2029 685 2077 longa
715 2042 803 2067 cum
832 2037 936 2067 veste
965 2030 1145 2067 sacerdos
1300 2053 1301 2056 =
1442 2033 1505 2074 645

118 2090 336 2139 obloquitur
364 2089 532 2126 numeris
562 2095 710 2137 septem
740 2088 958 2126 discrimina
986 2100 1137 2131 vocum,

117 2150 270 2199 iamque
300 2149 437 2186 eadem
469 2148 607 2196 digitis,
637 2148 713 2184 iam
742 2148 894 2196 pectine
922 2147 1048 2196 pulsat
1076 2148 1233 2184 eburno.

119 2208 197 2246 Hic
225 2219 346 2257 genus
376 2207 576 2255 antiquum
605 2205 758 2250 Teucri,
788 2205 1042 2254 pulcherrima
1070 2205 1209 2253 proles,

118 2266 354 2316 magnanimi
381 2266 529 2309 heroes,
559 2265 638 2302 nati
666 2265 886 2302 melioribus
916 2265 1037 2309 annis,

119 2326 274 2374 Ilusque
303 2326 593 2372 Assaracusque
622 2330 659 2360 et
688 2323 832 2361 Troiae
861 2323 1064 2360 Dardanus
1095 2330 1237 2360 auctor.
1443 2327 1507 2368 650

119 2387 239 2422 Arma
266 2384 398 2433 procul
428 2395 635 2432 currusque
665 2383 786 2419 virum
815 2383 970 2419 miratur
998 2382 1141 2420 inanes.

123 2444 231 2481 Stant
260 2451 357 2480 terra
386 2442 533 2480 defixae
562 2442 705 2487 hastae,
736 2442 957 2491 passimque
986 2441 1099 2479 soluti
