1669 2737
155 78 234 121 228
721 85 944 122 AENEIS.

153 199 306 242 tegmen
334 193 478 231 habent
505 194 629 243 capiti,
658 194 816 243 vestigia
843 193 946 231 nuda
975 192 1113 231 sinistri

153 253 345 290 instituere
375 253 495 303 pedis,
526 253 663 291 crudus
692 254 784 302 tegit
813 253 928 291 altera
957 265 1059 302 pero.

206 312 258 349 At
287 312 489 361 Messapus
518 325 658 361 equum
688 313 863 358 domitor,
895 312 1089 360 Neptunia
1117 311 1254 360 proles,

154 383 268 420 quem
297 383 420 421 neque
449 371 504 409 fas
533 372 611 420 igni
641 372 817 421 cuiquam
846 383 917 409 nec
948 378 1111 408 sternere
1140 370 1251 414 ferro,

154 431 229 467 iam
258 430 405 480 pridem
432 430 574 468 resides
602 431 766 480 populos
796 430 1028 479 desuetaque
1057 429 1156 466 bello

155 490 308 539 agmina
336 490 374 526 in
403 501 508 527 arma
536 497 646 527 vocat
676 491 800 527 subito
831 489 1047 537 ferrumque
1075 494 1260 525 retractat.

155 548 209 586 Hi
237 548 494 586 Fescenninas
523 549 622 586 acies
653 561 874 598 aequosque
903 548 1084 594 Faliscos,

156 608 208 644 Hi
238 608 400 645 Soractis
429 608 572 645 habent
601 620 707 646 arces
736 608 981 656 Flaviniaque
1011 619 1097 644 arva

154 674 192 704 et
219 666 358 704 Cimini
387 679 475 705 cum
503 673 634 704 monte
663 667 787 704 lacum
815 667 999 715 lucosque
1028 665 1220 714 Capenos.

154 726 267 764 Ibant
294 728 443 776 aequati
472 738 632 764 numero
660 739 865 775 regemque
895 727 1095 770 canebant,

155 798 225 824 ceu
254 786 450 835 quondam
480 787 576 823 nivei
606 786 746 834 liquida
774 786 869 822 inter
898 785 1027 822 nubila
1056 785 1177 833 cycni,

154 857 241 883 cum
271 857 353 883 sese
382 858 403 882 e
431 852 540 894 pastu
570 844 733 881 referunt
762 851 799 882 et
827 844 942 892 longa
971 855 1133 880 canoros

155 904 245 942 dant
272 917 340 953 per
369 904 466 941 colla
493 903 643 949 modos,
673 910 784 940 sonat
813 903 935 941 amnis
965 909 1002 940 et
1029 902 1122 940 Asia
1151 902 1266 951 longe

154 964 263 1015 pulsa
290 964 409 1012 palus.

154 1023 238 1060 Nec
267 1022 468 1071 quisquam
496 1030 640 1061 aeratas
669 1024 771 1061 acies
800 1035 848 1059 ex
878 1022 1030 1071 agmine
1059 1027 1165 1058 tanto

155 1082 303 1119 misceri
332 1089 447 1130 putet,
477 1083 616 1119 ae'riam
646 1082 713 1120 sed
741 1082 888 1130 gurgite
919 1081 967 1117 ab
997 1080 1073 1117 alto

155 1142 279 1190 urgeri
308 1141 503 1178 volucrum
532 1153 730 1179 raucarum
760 1141 810 1178 ad
839 1140 946 1177 litora
974 1140 1128 1176 nubem.

208 1201 310 1238 Ecce
341 1200 570 1237 Sabinorum
600 1201 721 1250 prisco
751 1200 797 1237 de
828 1199 1013 1247 sanguine
1042 1210 1227 1246 magnum

157 1272 295 1309 agmen
325 1272 442 1309 agens
471 1258 632 1297 Clausus
661 1260 868 1308 magnique
898 1260 980 1307 ipse
1009 1258 1172 1306 agminis
1202 1258 1328 1303 instar,

158 1320 317 1358 Claudia
345 1332 446 1356 nunc
475 1332 497 1356 a
525 1332 602 1368 quo
632 1319 854 1356 diffunditur
883 1326 919 1355 et
947 1317 1066 1354 tribus
1096 1324 1132 1354 et
1160 1329 1256 1366 gens

157 1393 224 1430 per
252 1379 413 1424 Latium,
443 1386 645 1429 postquam
675 1380 714 1416 in
743 1385 890 1428 partem
920 1377 1008 1415 data
1037 1376 1163 1414 Roma
1193 1376 1354 1414 Sabinis.

158 1440 246 1478 Una
274 1440 408 1488 ingens
436 1440 634 1476 Amiterna
663 1439 801 1476 cohors
830 1438 1019 1487 priscique
1050 1437 1227 1483 Quirites,

158 1500 259 1537 Ereti
287 1511 423 1536 manus
453 1499 577 1536 omnis
607 1498 872 1546 oliviferaeque
904 1496 1103 1533 Mutuscae
1120 1509 1129 1542 ;

159 1560 223 1609 qui
252 1557 488 1595 Nomentum
518 1558 663 1602 urbem,
694 1557 757 1605 qui
790 1556 918 1593 Rosea
948 1567 1033 1592 rura
1063 1555 1199 1601 Velini,

159 1620 224 1669 qui
252 1618 428 1655 Tetricae
457 1617 641 1654 horrentis
669 1628 781 1665 rupes
811 1622 1060 1663 montemque
1091 1615 1272 1652 Severum

160 1677 459 1728 Casperiamque
488 1676 618 1713 colunt
646 1674 882 1722 Forulosque
911 1680 947 1710 et
976 1674 1119 1710 fiumen
1150 1673 1351 1720 Himellae,

160 1738 224 1787 qui
252 1736 420 1773 Tiberim
448 1734 699 1782 Fabarimque
728 1733 873 1777 bibunt,
903 1744 1000 1781 quos
1031 1732 1163 1781 frigida
1191 1733 1293 1770 misit

161 1797 308 1841 Nursia,
336 1801 373 1832 et
402 1793 589 1831 Hortinae
618 1793 759 1829 classes
789 1792 994 1840 populique
1025 1791 1159 1836 Latini,

161 1866 334 1906 quosque
364 1865 497 1891 secans
526 1852 733 1889 infaustum
762 1850 926 1887 interluit
955 1850 1054 1887 Allia
1082 1862 1247 1887 nomen:

161 1927 276 1964 quam
304 1913 411 1950 multi
439 1912 584 1961 Libyco
613 1910 811 1947 volvuntur
838 1920 1029 1946 marmore
1058 1909 1204 1953 fluctus,

161 1985 294 2012 saevus
322 1972 387 2009 ubi
417 1970 538 2008 Orion
566 1970 733 2007 hibernis
763 1968 938 2006 conditur
966 1968 1102 2014 undis;

161 2034 218 2072 vel
247 2045 334 2071 cum
363 2032 443 2069 sole
472 2042 576 2068 novo
605 2030 746 2066 densae
774 2035 959 2066 torrentur
988 2029 1123 2066 aristae

162 2100 225 2131 aut
253 2091 389 2129 Hermi
418 2102 556 2139 campo
585 2095 649 2126 aut
678 2088 818 2137 Lyciae
848 2087 1072 2125 flaventibus
1102 2088 1208 2126 arvis.

163 2153 276 2191 Scuta
304 2157 442 2188 sonant
471 2150 657 2199 pulsuque
686 2148 828 2196 pedum
857 2147 1056 2184 conterrita
1085 2147 1202 2184 tellus.

216 2210 318 2247 Hinc
347 2208 690 2258 Agamemnonius,
722 2206 880 2244 Troiani
909 2205 1074 2243 nominis
1103 2205 1234 2251 hostis,

161 2282 272 2308 curru
299 2269 419 2316 iungit
449 2267 638 2304 Halaesus
667 2277 787 2315 equos
817 2265 1026 2313 Turnoque
1056 2264 1202 2302 feroces

162 2328 260 2366 mille
288 2328 383 2376 rapit
411 2326 588 2376 populos,
618 2331 765 2363 vertunt
793 2325 914 2362 felicia
942 2323 1096 2361 Baccho

163 2387 329 2425 Massica
357 2387 421 2436 qui
450 2387 576 2423 rastris
605 2392 642 2422 et
671 2396 768 2434 quos
797 2383 845 2421 de
875 2383 1034 2421 collibus
1065 2382 1149 2420 altis

439 2460 510 2504 695.
535 2460 640 2492 ‘acies
653 2459 680 2492 ἰ
704 2460 838 2491 fortasse
854 2459 1025 2500 legendum
1041 2462 1088 2489 est
1106 2456 1237 2491 ‘arces.’

1467 256 1531 298 690

1472 855 1534 888 700

1474 1151 1532 1184 705

1475 1449 1535 1482 710

1476 1746 1535 1778 715

1476 2040 1538 2073 720

1477 2334 1536 2368 7²5
