1669 2737
127 85 210 126 294
699 80 924 118 AENEJS.

126 201 300 228 exercere
330 189 454 228 diem:
493 191 548 229 sic
578 191 734 229 obrutus
763 192 932 242 undique
962 191 1043 230 telis

125 250 279 287 Aeneas
308 251 450 287 nubem
479 251 577 297 belli,
608 251 700 288 dum
730 251 886 289 detonet
914 252 1052 295 omnis,

127 309 285 347 sustinet
313 315 350 346 et
378 309 548 347 Lausum
576 310 773 359 increpitat
801 310 1006 360 Lausoque
1036 310 1222 349 minatur:

128 369 240 415 ‘Quo
270 370 451 406 moriture
479 370 555 406 ruis
583 370 806 418 maioraque
834 370 973 407 viribus
1003 370 1147 407 audes?

126 427 218 465 fallit
246 434 283 465 te
313 429 508 465 incautum
537 428 658 477 pietas
687 427 774 465 tua!
832 427 917 466 Nec
946 429 1073 466 minus
1103 429 1164 466 ille

126 487 289 524 exsultat
319 488 502 533 demens;
542 499 675 524 saevae
705 487 858 536 iamque
888 487 996 525 altius
1027 489 1103 525 irae

125 546 322 584 Dardanio
353 553 514 595 surgunt
543 546 700 592 ductori,
731 553 977 596 extremaque
1006 546 1134 584 Lauso

125 605 268 643 Parcae
297 606 360 643 fila
388 606 542 654 legunt:
582 605 748 642 validum
778 618 944 655 namque
973 606 1089 655 exigit
1117 618 1251 643 ensem

126 678 194 715 per
220 665 389 703 medium
419 665 571 702 Aeneas
601 664 777 702 iuvenem
805 672 1006 714 totumque
1035 666 1217 703 recondit.

126 725 297 762 Transiit
325 730 363 762 et
389 736 563 773 parmam
592 735 739 769 mucro,
769 724 864 761 levia
893 736 999 761 arma
1027 725 1199 769 minacis,

126 790 163 822 et
190 784 370 829 tunicam,
400 783 504 820 molli
535 789 654 820 mater
684 795 800 832 quam
830 790 981 820 neverat
1011 795 1114 828 auro,

126 842 368 892 implevitque
398 842 523 879 sinum
553 842 730 890 sanguis;
771 849 852 879 tum
881 843 956 879 vita
984 854 1052 891 per
1081 854 1192 880 auras

126 902 317 941 concessit
345 908 490 939 maesta
519 901 568 938 ad
596 913 730 938 manes
759 913 974 951 corpusque
1005 901 1164 950 reliquit.

125 963 177 1000 At
205 974 294 999 vero
323 969 363 999 ut
393 961 536 998 vultum
567 961 656 998 vidit
684 962 883 998 morientis
913 968 949 998 et
978 972 1056 1005 ora,

126 1034 194 1059 ora
221 1021 348 1059 modis
378 1020 629 1058 Anchisiades
658 1020 837 1069 pallentia
865 1021 983 1065 miris,

125 1081 311 1130 ingemuit
339 1081 525 1117 miserans
553 1080 714 1129 graviter
742 1079 991 1128 dextramque
1019 1080 1190 1126 tetendit,

126 1147 164 1178 et
191 1148 361 1179 mentem
391 1141 534 1189 patriae
564 1140 675 1177 subiit
704 1139 855 1189 pietatis
885 1140 1026 1188 imago.

128 1200 256 1247 ‘Quid
283 1200 351 1237 tibi
380 1212 495 1245 nune,
526 1199 742 1236 miserande
771 1211 875 1248 puer,
906 1211 974 1248 pro
1004 1199 1181 1238 laudibus
1210 1200 1301 1245 istis,

127 1260 219 1310 quid
247 1260 332 1309 pius
362 1259 514 1296 Aeneas
545 1265 649 1296 tanta
678 1259 783 1296 dabit
812 1259 941 1296 indole
972 1258 1158 1307 dignum?

127 1323 258 1366 Arma,
288 1320 426 1369 quibus
455 1319 626 1364 laetatus,
656 1318 756 1356 habe
785 1325 859 1365 tua,
890 1326 1002 1368 teque
1030 1326 1233 1368 parentum

127 1381 303 1419 manibus
332 1386 369 1417 et
398 1379 525 1424 cineri,
556 1379 586 1416 si
617 1390 692 1427 qua
720 1385 777 1415 est
805 1390 851 1416 ea
880 1390 980 1423 cura,
1011 1379 1175 1416 remitto.

128 1440 220 1478 Hoc
248 1446 379 1476 tamen
407 1438 534 1475 infelix
564 1438 742 1475 miseram
773 1437 944 1475 solabere
973 1444 1149 1482 mortem,

128 1501 285 1538 Aeneae
314 1497 443 1545 magni
474 1497 606 1534 dextra
635 1495 763 1534 cadis.'
821 1497 998 1545 Increpat
1027 1496 1126 1533 ultro

129 1564 351 1598 cunctantes
381 1558 508 1594 socios
538 1565 573 1594 et
601 1564 698 1595 terra
728 1557 897 1594 sublevat
925 1557 1063 1605 ipsum,

130 1619 316 1668 sanguine
345 1624 560 1666 turpantem
590 1624 766 1665 comptos
796 1617 844 1654 de
873 1628 980 1653 more
1010 1616 1179 1665 capillos.

183 1679 335 1716 Interea
363 1677 513 1725 genitor
540 1676 714 1713 Tiberini
742 1675 791 1712 ad
821 1675 988 1712 fluminis
1018 1675 1163 1712 undam

128 1738 284 1776 vulnera
312 1737 479 1774 siccabat
508 1735 672 1784 lymphis
702 1747 917 1783 corpusque
946 1734 1094 1771 levabat

130 1797 275 1836 arboris
303 1795 458 1833 acclinis
487 1801 633 1832 trunco.
690 1793 829 1831 Procul
857 1805 968 1830 aerea
997 1794 1113 1830 ramis

131 1855 321 1906 dependet
348 1854 457 1903 galea
486 1861 522 1891 et
551 1860 659 1902 prato
689 1853 816 1902 gravia
845 1864 951 1890 arma
981 1853 1189 1901 quiescunt.

132 1917 242 1955 Stant
270 1914 357 1952 lecti
385 1914 527 1951 circum
558 1914 736 1950 iuvenes:
776 1913 857 1961 ipse
885 1923 999 1960 aeger
1028 1911 1209 1949 anhelans

131 1975 229 2014 colla
258 1974 368 2019 fovet,
399 1972 504 2010 fusus
534 1984 748 2021 propexam
776 1971 815 2007 in
847 1978 1002 2019 pectore
1031 1971 1214 2016 barbam;

130 2035 248 2073 multa
277 2044 391 2081 super
421 2031 549 2069 Lauso
579 2031 718 2080 rogitat
746 2030 984 2079 multumque
1013 2030 1166 2066 remittit

131 2095 195 2146 qui
224 2099 402 2131 revocent
431 2093 641 2141 maestique
673 2091 792 2128 ferant
820 2089 1002 2127 mandata
1030 2090 1206 2138 parentis.

130 2156 182 2192 At
210 2153 381 2191 Lausum
411 2152 505 2189 socii
535 2151 750 2188 exanimem
780 2161 894 2198 super
923 2161 1027 2185 arma
1055 2148 1227 2186 ferebant

130 2214 277 2257 flentes,
306 2212 501 2260 ingentem
531 2217 643 2259 atque
672 2209 817 2258 ingenti
846 2208 998 2245 vulnere
1027 2208 1180 2245 victum.

130 2272 301 2322 Agnovit
328 2271 443 2319 longe
473 2270 659 2319 gemitum
687 2279 875 2318 praesaga
902 2266 991 2303 rnali
1020 2278 1152 2304 mens:

132 2331 309 2371 canitiem
336 2330 456 2367 multo
488 2329 675 2366 deformat
703 2328 857 2377 pulvere
886 2333 923 2364 et
952 2326 1085 2363 ambas

132 2391 180 2429 ad
209 2389 356 2428 caelum
386 2387 506 2426 tendit
536 2388 682 2436 palmas
712 2393 750 2423 et
779 2397 939 2435 corpore
969 2384 1147 2422 inhaeret.

133 2449 332 2487 ‘Tantane
363 2460 424 2485 me
456 2447 573 2485 tenuit
602 2446 763 2491 vivendi,
795 2451 894 2491 nate,
925 2444 1110 2493 voluptas,

1452 317 1516 347 810

1451 612 1513 651 815

1452 907 1516 938 820

1453 1205 1515 1245 825

1455 1502 1520 1542 830

1455 2095 1517 2136 840
