1669 2737
591 95 758 130 LIBER
787 95 855 132 JV.
887 87 1028 140 68-1-4
1030 98 1069 143 5.

139 202 192 240 sic
220 210 352 241 contra
380 209 438 241 est
466 203 638 252 ingressa
667 203 823 241 Venus:
864 202 986 249 ‘Quis
1015 201 1103 239 talia
1134 200 1294 238 demens

138 262 289 308 abnuat,
319 268 384 299 aut
411 268 539 300 tecum
567 263 673 299 malit
702 262 936 300 contendere
964 261 1078 306 bello,

140 320 170 358 si
197 321 316 359 modo
345 321 451 370 quod
480 333 672 360 memoras
701 322 843 359 factum
874 321 1024 358 fortuna
1054 323 1257 370 sequatur?

140 381 217 419 Sed
245 381 330 419 fatis
358 381 501 420 incerta
529 382 628 419 feror
658 382 689 419 si
718 382 891 431 Iuppiter
919 394 1037 418 unam

138 453 222 480 esse
250 442 338 480 velit
367 442 494 491 Tyriis
524 443 658 480 urbem
687 441 883 490 Troiaque
912 441 1105 490 profectis,

138 501 334 539 miscerive
364 502 501 550 probet
529 501 695 550 populos
724 508 788 538 aut
817 501 973 538 foedera
1001 501 1118 550 iungi.

139 559 203 597 Tu
233 560 412 606 coniunx,
443 560 510 597 tibi
538 559 595 596 fas
624 560 795 596 animum
824 566 1010 608 temptare
1039 559 1246 608 precando.

139 618 282 667 Perge:
322 620 480 668 sequar?
537 618 641 655 Tum
670 619 723 656 sic
753 619 902 667 excepit
933 619 1037 667 regia
1066 618 1191 655 Iuno:

139 677 319 716 ‘Mecum
348 680 416 716 erit
444 679 513 716 iste
541 679 660 716 labor.
717 678 832 716 Nunc
862 691 939 727 qua
967 678 1113 715 ratione
1142 677 1247 727 quod
1281 677 1395 714 instat

139 738 296 776 confieri
324 740 455 789 possit,
484 740 628 788 paucis,
658 739 822 784 adverte,
853 739 1016 776 docebo.

139 797 332 836 Venatum
361 799 514 837 Aeneas
542 811 695 848 unaque
724 799 932 835 miserrima
960 797 1063 835 Dido

138 860 178 896 in
207 871 343 897 nemus
372 860 425 897 ire
454 867 600 909 parant,
629 860 693 896 ubi
723 860 866 909 primos
896 859 1081 896 crastinus
1111 865 1215 897 ortus

140 919 311 956 extulerit
339 918 457 956 Titan
485 919 675 968 radiisque
703 919 880 956 retexerit
909 919 1053 955 orbem.

139 976 214 1015 His
241 989 315 1026 ego
344 978 558 1026 nigrantem
587 979 796 1015 commixta
825 978 1011 1026 grandine
1041 978 1214 1014 nimbum

139 1037 231 1073 dum
259 1037 450 1086 trepidant
478 1037 559 1074 alae
589 1037 783 1086 saltusque
811 1037 992 1085 indagine
1020 1037 1190 1085 cingunt,

141 1096 303 1145 desuper
330 1095 543 1142 infundam,
574 1103 610 1133 et
638 1097 778 1133 tonitru
807 1096 954 1133 caelum
983 1107 1100 1132 omne
1130 1096 1252 1132 ciebo.

139 1154 351 1204 Diffugient
379 1155 540 1193 comites
568 1162 605 1192 et
634 1162 748 1193 nocte
777 1161 953 1204 tegentur
982 1166 1127 1203 opaca:

140 1215 362 1264 speluncam
390 1214 494 1253 Dido
525 1215 602 1253 dux
631 1223 668 1253 et
698 1215 890 1253 Troianus
919 1215 1082 1252 eandem

141 1275 351 1313 devenient.
407 1275 536 1314 Adero
565 1283 614 1321 et,
643 1284 707 1314 tua
736 1277 767 1314 si
795 1276 887 1313 mihi
917 1283 1018 1313 certa
1045 1275 1230 1319 voluntas,

140 1336 308 1373 conubio
336 1336 492 1385 iungam
523 1336 645 1373 stabili
673 1336 943 1385 propriamque
973 1335 1110 1372 dicabo
1125 1348 1135 1381 3

140 1394 201 1432 hic
229 1395 465 1443 hymenaeus
494 1394 587 1432 erit.’
643 1395 736 1432 Non
766 1395 964 1432 adversata
992 1394 1137 1445 petenti

141 1454 273 1491 annuit
301 1462 414 1503 atque
445 1454 542 1491 dolis
570 1455 649 1492 risit
679 1454 869 1503 Cytherea
898 1454 1066 1502 repertis.

195 1512 398 1551 Oceanum
426 1513 570 1551 interea
599 1526 760 1562 surgens
789 1514 941 1550 Aurora
969 1512 1133 1560 reliquit.

141 1572 177 1610 It
204 1573 324 1622 portis
353 1573 483 1610 iubare
514 1580 650 1610 exorto
681 1573 828 1610 delecta
857 1572 1054 1618 iuventus;

140 1631 232 1669 retia
259 1643 353 1677 rara,
382 1632 532 1681 plagae,
563 1632 639 1669 lato
668 1631 855 1669 venabula
885 1630 984 1668 ferro

142 1690 376 1740 Massylique
405 1698 517 1728 ruunt
545 1691 691 1739 equites
721 1696 758 1727 et
787 1690 910 1728 odora
939 1702 1078 1727 canum
1107 1691 1174 1727 vis.

142 1749 336 1798 Reginam
364 1749 534 1788 thalamo
564 1756 807 1788 cunctantem
837 1749 886 1786 ad
915 1749 1045 1786 limina
1073 1750 1182 1799 primi

141 1808 363 1847 Poenorum
391 1816 625 1858 exspectant,
656 1816 836 1858 ostroque
866 1809 1026 1857 insignis
1056 1815 1093 1845 et
1120 1819 1213 1844 auro

143 1875 216 1906 stat
242 1869 397 1917 sonipes
425 1881 470 1906 ac
497 1868 606 1906 frena
634 1868 742 1906 ferox
773 1868 991 1917 spumantia
1019 1867 1179 1904 mandit.

142 1927 323 1964 Tandem
351 1927 588 1976 progreditur
616 1939 759 1976 magna
789 1928 952 1976 stipante
982 1933 1141 1970 caterva,

144 1984 342 2023 Sidoniam
370 1986 474 2035 picto
504 1985 744 2034 chlamydem
773 1985 1004 2023 circumdata
1032 1985 1162 2021 limbo.

143 2044 217 2082 Cui
243 2044 421 2094 pharetra
448 2057 496 2082 ex
525 2056 629 2089 auro,
659 2045 781 2082 crines
810 2044 1001 2081 nodantur
1030 2044 1069 2080 in
1098 2054 1244 2087 aurum,

143 2116 258 2141 aurea
285 2116 516 2154 purpuream
545 2104 735 2141 subnectit
764 2104 879 2140 fibula
907 2112 1061 2140 vestem.

143 2161 227 2201 Nec
255 2174 338 2200 non
364 2169 403 2200 et
429 2161 585 2212 Phrygii
614 2163 774 2200 comites
804 2169 842 2199 et
870 2162 991 2199 laetus
1021 2160 1126 2198 Iulus

143 2224 335 2262 incedunt.
392 2223 481 2273 Ipse
512 2230 600 2260 ante
630 2223 723 2260 alios
752 2222 1028 2271 pulcherrimus
1058 2232 1195 2258 omnes

144 2283 253 2320 infert
281 2295 322 2320 se
351 2284 499 2320 socium
528 2283 684 2319 Aeneas
713 2288 826 2330 atque
857 2281 1012 2329 agmina
1041 2280 1173 2328 iungit.

146 2343 280 2389 Qualis
310 2343 373 2379 ubi
401 2342 601 2380 hibernam
629 2341 787 2391 Lyciam
817 2340 1038 2388 Xanthique
1067 2339 1210 2376 fluenta

146 2403 283 2440 deserit
311 2414 356 2440 ac
383 2401 525 2439 Delum
552 2409 766 2438 maternam
795 2400 918 2436 invisit
945 2398 1087 2448 Apollo

146 2465 403 2510 instauratque
434 2460 586 2507 choros,
615 2460 798 2509 mixtique
828 2458 956 2496 altaria
985 2460 1125 2495 circum

793 2541 868 2567 Lz

1445 98 1520 139 147

1466 394 1525 416 110

1465 693 1520 723 115

1465 991 1525 1012 120

1468 1290 1524 1320 125

1472 1586 1532 1616 ¹30

1470 2174 1531 2204 140

1469 2471 1527 2503 145
