1669 2737
588 74 755 110 LIBER
791 75 875 111 VII.
913 69 1031 111 1—66.

124 184 251 232 Atque
278 183 340 221 hic
369 183 523 221 Aeneas
551 184 748 232 ingentem
778 195 825 220 ex
855 194 1020 232 aequore
1049 182 1177 220 lucum

124 245 316 292 prospicit.
373 243 492 281 Hunc
520 244 617 280 inter
645 243 759 280 fluvio
792 243 999 281 Tiberinus
1027 254 1193 280 amoeno

122 304 322 340 verticibus
350 303 493 351 rapidis
520 309 557 340 et
585 303 703 339 multa
731 302 851 340 flavus
881 303 1022 339 harena

122 363 161 399 in
190 375 296 399 mare
323 362 546 411 prorumpit.
603 361 741 398 Variae
771 363 990 409 circumque
1020 373 1209 410 supraque

122 428 294 458 assuetae
323 422 413 470 ripis
441 421 613 458 volucres
642 427 678 457 et
707 420 874 458 fluminis
903 421 1011 457 alveo

123 479 274 517 aethera
302 480 520 517 mulcebant
549 486 663 516 cantu
693 479 856 528 lucoque
885 479 1075 516 volabant.

122 537 290 575 Flectere
318 539 387 574 iter
416 538 527 575 sociis
556 545 752 586 terraeque
782 538 974 575 advertere
1004 549 1138 586 proras

121 597 283 645 imperat
311 605 347 634 et
375 597 493 634 laetus
521 596 637 634 fluvio
667 597 836 634 succedit
865 609 1002 645 opaco.

177 655 292 693 Nunc
321 668 403 705 age,
434 656 498 704 qui
526 667 645 703 reges,
676 655 804 700 Erato=
836 668 934 705 quae
963 664 1139 704 tempora
1168 667 1304 701 rerum,

122 716 206 765 quis
234 715 346 753 Latio
375 716 533 764 antiquo
562 715 670 752 fuerit
700 722 832 760 status,
863 716 1014 752 advena
1043 716 1208 753 classem

122 787 210 812 cum
238 775 403 824 primum
432 775 614 812 Ausoniis
643 775 832 812 exercitus
862 775 1006 823 appulit
1031 775 1117 819 oris,

121 836 322 885 expediam
351 844 388 873 et
414 837 560 885 primae
588 836 778 873 revocabo
808 837 964 873 exordia
994 848 1158 885 pugnae.

121 895 184 932 Tu
212 904 348 941 vatem,
378 903 430 940 tu,
461 895 556 938 diva,
586 907 714 932 mone.
773 894 911 932 Dicam
942 895 1096 932 horrida
1124 894 1235 939 bella,

122 954 247 992 dicam
276 955 377 992 acies
406 962 589 1003 actosque
619 954 756 991 animis
786 955 825 990 in
855 954 987 991 funera
1015 966 1126 1003 reges

122 1013 438 1063 Tyrrhenamque
466 1025 624 1051 manum
653 1021 849 1062 totamque
880 1015 950 1050 sub
980 1026 1086 1050 arma
1115 1021 1290 1051 coactam

122 1072 363 1121 Hesperiam.
419 1072 547 1110 Maior
575 1084 698 1110 rerum
727 1073 820 1109 mihi
851 1073 1016 1110 nascitur
1045 1074 1152 1118 ordo,

120 1132 242 1169 maius
271 1144 369 1182 opus
396 1144 546 1170 moveo.

576 1191 659 1228 Rex
690 1204 777 1228 arva
806 1191 962 1229 Latinus
992 1200 1028 1229 et
1057 1193 1171 1229 urbes

121 1251 196 1287 iam
226 1251 352 1288 senior
380 1250 495 1299 longa
525 1250 694 1299 placidas
724 1251 762 1287 in
792 1263 887 1300 pace
917 1252 1083 1300 regebat.

120 1309 238 1348 Hunc
267 1311 400 1347 Fauno
430 1318 466 1348 et
495 1310 678 1359 Nympha
706 1311 876 1359 genitum
907 1311 1098 1347 Laurente
1130 1309 1276 1347 Marica

119 1371 348 1419 accipimus:
387 1371 522 1408 Fauno
552 1370 666 1407 Picus
695 1378 812 1419 pater,
843 1372 949 1420 isque
979 1380 1176 1420 parentem

119 1438 166 1473 te,
199 1430 368 1476 Saturne,
399 1430 520 1475 refert,
550 1437 590 1467 tu
620 1431 818 1478 sanguinis
848 1431 1001 1468 ultimus
1031 1439 1173 1468 auctor.

119 1488 234 1526 Filius
263 1489 351 1527 huic
379 1489 457 1527 fato
487 1489 614 1526 divum
643 1489 845 1538 prolesque
875 1490 986 1527 virilis

119 1548 220 1586 nulla
249 1549 316 1586 fuit
344 1550 540 1598 primaque
569 1549 695 1585 oriens
725 1557 853 1597 erepta
883 1549 1036 1586 iuventa
1065 1557 1136 1586 est.

121 1607 210 1645 Sola
239 1608 398 1645 domum
427 1616 464 1645 et
493 1614 617 1645 tantas
648 1609 819 1645 servabat
849 1608 924 1645 filia
953 1609 1075 1654 sedes,

118 1667 194 1703 iam
223 1674 370 1704 matura
398 1668 489 1712 viro,
519 1668 595 1703 iarn
623 1667 747 1715 plenis
776 1667 913 1704 nubilis
944 1668 1067 1704 annis.

118 1725 230 1763 Multi
258 1726 360 1763 illam
388 1737 532 1774 magno
561 1737 583 1762 e
612 1725 722 1763 Latio
753 1732 909 1774 totaque
938 1727 1120 1774 petebant

118 1786 302 1823 Ausonia.
358 1785 456 1822 Petit
483 1792 570 1822 ante
599 1784 693 1822 alios
723 1785 999 1833 pulcherrimus
1030 1797 1166 1822 omnes

119 1845 285 1889 Turnus,
315 1845 394 1882 avis
421 1845 614 1893 atavisque
644 1851 794 1893 potens,
825 1857 940 1894 quem
970 1845 1073 1893 regia
1103 1844 1272 1882 coniunx

117 1904 271 1952 adiungi
299 1916 483 1953 generum
512 1905 608 1941 miro
639 1905 867 1953 properabat
897 1916 1048 1949 amore;

118 1963 186 2000 sed
213 1963 322 2001 variis
349 1970 526 2012 portenta
553 1963 668 2000 deum
696 1964 900 2000 terroribus
931 1964 1095 2001 obstant.

117 2022 265 2060 Laurus
293 2030 372 2060 erat
400 2023 487 2060 tecti
515 2023 644 2059 medio
672 2023 711 2059 in
740 2022 998 2071 penetralibus
1028 2022 1123 2067 altis,

118 2093 226 2119 sacra
252 2093 406 2118 comam
433 2082 651 2130 multosque
680 2090 783 2118 metu
813 2089 958 2119 servata
987 2094 1055 2130 per
1083 2093 1219 2125 annos,

117 2153 233 2190 quam
261 2147 367 2189 pater
394 2141 598 2186 inventam,
628 2142 771 2190 primas
799 2153 887 2178 cum
917 2141 1098 2178 conderet
1128 2152 1244 2185 arces,

117 2201 199 2249 ipse
227 2199 417 2237 ferebatur
444 2199 604 2237 Phoebo
634 2212 804 2237 sacrasse
834 2200 993 2237 Latinus

117 2259 402 2307 Laurentesque
431 2259 480 2296 ab
509 2271 554 2296 ea
582 2271 726 2296 nomen
753 2259 928 2307 posuisse
959 2258 1118 2296 colonis.

118 2318 244 2356 Huius
273 2330 366 2367 apes
395 2330 586 2355 summum
615 2319 756 2355 densae
788 2318 973 2365 (mirabile
1003 2317 1121 2367 dictu)

117 2378 275 2415 stridore
303 2378 447 2425 ingenti
474 2377 658 2426 liquidum
687 2384 790 2414 trans
820 2377 971 2414 aethera
999 2386 1140 2422 vectae,

117 2437 302 2475 obsedere
331 2438 490 2486 apicem,
522 2444 558 2475 et
588 2437 749 2486 pedibus
778 2449 845 2485 per
875 2444 1006 2474 mutua
1035 2438 1142 2474 nexis

765 2518 835 2543 ΡΖ

1424 82 1499 111 211

1465 258 1505 288 30

1464 553 1503 583 35

1461 1207 1500 1238 45

1460 1505 1501 1536 50

1457 1800 1498 1831 55

1455 2088 1495 2119 60
