1669 2737
176 69 228 109 94
754 63 982 98 AENEJS.

177 172 320 209 Troiae
349 185 493 210 nomen
523 173 572 219 iit,
603 172 751 210 diversa
782 184 851 222 per
880 185 1052 222 aequora
1079 180 1211 212 vectos

176 232 279 277 forte,
303 245 371 270 sua
399 232 554 281 Libycis
583 240 791 281 tempestas
822 234 967 282 appulit
997 234 1084 271 oris.

179 292 272 329 Sum
302 294 387 341 pius
417 294 581 337 Aeneas,
612 300 743 340 raptos
774 293 838 342 qui
869 306 915 330 ex
947 294 1058 331 hoste
1092 293 1256 331 Penates

177 352 296 388 classe
326 352 423 388 veho
453 364 618 396 mecum,
649 351 752 388 fama
781 364 895 401 super
924 353 1077 389 aethera
1108 360 1234 390 notus.

177 411 327 448 Italiam
357 423 500 460 quaero
530 411 692 459 patriam
721 418 760 448 et
787 423 913 460 genus
943 412 991 448 ab
1023 413 1114 449 Iove
1145 422 1314 448 summo.

178 470 243 508 Bis
272 471 380 507 denis
409 470 617 518 Phrygium
647 470 857 508 conscendi
887 471 1047 508 navibus
1081 483 1225 519 aequor

178 538 296 567 matre
327 530 400 567 dea
429 537 667 566 monstrante
698 531 799 566 viam
830 531 918 567 data
947 530 1024 567 fata
1053 538 1205 567 secutus
1219 542 1232 575 3

178 589 238 625 vix
268 597 417 638 septem
446 588 652 625 convulsae
682 589 793 626 undis
822 588 1004 638 Euroque
1033 596 1248 638 supersunt.

178 648 266 696 Ipse
298 649 451 697 ignotus
481 660 602 696 egens
631 648 775 696 Libyae
807 649 955 685 deserta
984 660 1159 697 peragro,

178 707 335 756 Europa
364 715 477 755 atque
507 707 603 743 Asia
631 707 786 755 pulsus?
844 707 928 744 Nec
959 708 1067 757 plura
1095 714 1320 756 querentem

178 779 290 816 passa
318 766 452 804 Venus
482 766 610 803 medio
642 767 695 804 sic
724 766 902 804 interfata
932 767 1063 804 dolore
1093 776 1171 804 est:

233 826 441 874 ‘Quisquis
471 838 522 869 es,
553 825 666 870 haud,
699 827 826 871 credo,
856 827 999 864 invisus
1030 827 1258 864 caelestibus
1287 836 1397 863 auras

178 886 307 923 vitales
337 885 470 934 carpis,
502 884 660 933 Tyriam
690 886 755 934 qui
784 885 981 923 adveneris
1011 887 1156 923 urbem.

178 946 299 994 Perge
327 945 446 982 modo
477 952 590 993 atque
620 944 708 982 hinc
736 952 774 982 te
803 946 958 994 reginae
987 945 1036 982 ad
1065 946 1196 982 limina
1224 943 1362 993 perfer.

178 1005 357 1054 Namque
386 1005 453 1042 tibi
482 1004 641 1042 reduces
673 1006 799 1041 socios
830 1005 1068 1053 classemque
1097 1005 1255 1041 relatam

178 1067 312 1102 nuntio
342 1072 380 1101 et
407 1064 447 1100 in
476 1071 599 1100 tutum
629 1064 745 1101 versis
775 1064 1031 1113 Aquilonibus
1062 1072 1199 1109 actam,

178 1126 216 1162 ni
246 1124 381 1161 frustra
409 1124 611 1172 augurium
639 1124 725 1160 vani
756 1123 922 1160 docuere
951 1130 1139 1172 parentes.

178 1185 321 1233 Aspice
350 1184 408 1220 bis
439 1194 553 1219 senos
582 1182 766 1219 laetantes
796 1183 952 1230 agmine
981 1195 1137 1232 cycnos,

177 1243 342 1281 aetheria
371 1254 469 1292 quos
500 1242 606 1290 lapsa
634 1241 748 1290 plaga
777 1241 879 1278 Iovis
909 1241 986 1278 ales
1015 1250 1149 1291 aperto

177 1303 353 1340 turbabat
381 1301 512 1347 caelo;
552 1313 655 1338 nune
686 1309 801 1338 terras
831 1301 964 1338 ordine
994 1301 1113 1349 longo

179 1370 242 1400 aut
271 1373 406 1410 capere
436 1368 501 1397 aut
530 1367 661 1409 captas
691 1360 767 1396 iam
797 1367 1011 1409 respectare
1040 1361 1239 1398 videntur:

177 1431 217 1458 ut
245 1422 404 1458 reduces
433 1420 483 1456 illi
513 1419 647 1456 ludunt
676 1419 920 1456 stridentibus
950 1420 1018 1456 alis

178 1490 215 1518 et
244 1489 358 1518 coetu
387 1480 539 1516 cinxere
569 1479 704 1528 polum
733 1487 944 1527 cantusque
975 1479 1126 1523 dedere,

178 1541 281 1578 haud
309 1541 413 1577 aliter
440 1550 667 1588 puppesque
697 1546 783 1575 tuae
813 1539 1012 1588 pubesque
1041 1547 1193 1575 tuorum

178 1610 241 1637 aut
270 1607 423 1648 portum
452 1606 555 1635 tenet
585 1605 648 1634 aut
678 1598 792 1646 pleno
823 1598 923 1634 subit
953 1599 1048 1634 ostia
1076 1597 1170 1634 velo.

179 1658 298 1707 Perge
327 1658 446 1694 modo
476 1664 523 1702 et,
554 1669 631 1705 qua
659 1664 695 1693 te
726 1657 831 1693 ducit
860 1657 929 1702 via,
961 1657 1080 1705 dirige
1109 1654 1307 1705 gressum.’

231 1719 345 1763 Dixit,
376 1724 413 1754 et
441 1724 614 1754 avertens
642 1728 752 1753 rosea
782 1716 928 1753 cervice
957 1715 1112 1760 refulsit,

178 1777 467 1826 ambrosiaeque
497 1787 634 1813 comae
663 1775 833 1812 divinum
864 1776 999 1812 vertice
1030 1776 1192 1812 odorem

178 1839 386 1887 spiravere;
426 1835 545 1885 pedes
573 1835 686 1872 vestis
717 1835 875 1872 defluxit
904 1835 953 1872 ad
982 1835 1104 1872 imos:

177 1905 214 1934 et
242 1909 329 1934 vera
357 1897 509 1932 incessu
538 1895 660 1943 patuit
689 1894 769 1931 dea.
830 1894 896 1930 Ille
926 1895 991 1930 ubi
1021 1901 1183 1930 matrem

177 1957 343 2005 agnovit,
374 1955 437 1991 tali
468 1954 678 2002 fugientem
707 1963 764 1990 est
793 1965 888 1990 voce
918 1961 1093 1990 secutus:

178 2015 307 2061 ‘Quid
337 2022 469 2051 natum
499 2014 648 2058 totiens,
680 2013 840 2050 crudelis
870 2021 911 2050 tu
939 2024 1104 2061 quoque,
1135 2012 1236 2049 falsis

176 2075 274 2112 ludis
303 2073 559 2122 imaginibus?
600 2085 666 2110 cur
696 2072 850 2109 dextrae
879 2072 1035 2120 iungere
1066 2071 1238 2108 dextram

176 2146 256 2171 non
285 2133 404 2177 datur,
435 2144 480 2169 ac
509 2143 616 2169 veras
646 2131 775 2168 audire
805 2138 841 2168 et
869 2130 1027 2167 reddere
1056 2129 1216 2167 voces?'

177 2194 336 2231 Talibus
365 2194 524 2238 incusat,
553 2203 804 2241 gressumque
833 2191 882 2227 ad
911 2190 1064 2227 moenia
1097 2189 1227 2226 tendit.

176 2256 228 2291 At
256 2253 390 2290 Venus
420 2253 586 2289 obscuro
621 2251 837 2300 gradientes
867 2254 952 2286 aere
982 2250 1132 2298 saepsit,

177 2323 214 2353 et
243 2314 363 2350 multo
392 2313 554 2349 nebulae
584 2312 725 2349 circum
756 2311 828 2347 dea
856 2310 952 2347 fudit
981 2310 1133 2352 amictu,

178 2385 331 2412 cernere
361 2385 409 2409 ne
439 2372 523 2420 quis
554 2383 620 2408 eos
648 2382 724 2407 neu
753 2370 837 2418 quis
868 2370 1088 2417 contingere
1119 2375 1251 2417 posset

178 2432 349 2471 molirive
378 2443 525 2468 moram
556 2437 620 2467 aut
649 2429 823 2467 veniendi
852 2440 1011 2478 poscere
1041 2439 1186 2465 causas.

1509 415 1574 456 380

1505 1016 1572 1049 390

1507 1312 1569 1343 395

1504 1609 1570 1638 400

1504 1908 1568 1938 405

1504 2204 1568 2236 410
