1669 2737
173 88 226 131 30
502 85 504 87 ·
728 85 1013 123 GEORGICA.

171 192 338 230 curculio
367 199 480 242 atque
508 193 615 242 inopi
644 200 818 231 metuens
847 194 1006 232 formica
1034 201 1224 235 senectae.

171 250 463 300 Contemplator
491 253 593 298 item,
624 265 712 290 curn
741 265 782 291 se
811 265 889 290 nux
918 254 1080 302 plurima
1109 254 1213 292 silvis

171 310 301 347 induet
330 312 369 347 in
399 310 533 347 florem
561 318 598 348 et
625 324 754 349 ramos
784 313 952 350 curvabit
981 313 1150 350 olentes:

171 369 202 406 si
231 376 411 418 superant
439 370 548 414 fetus,
578 372 716 419 pariter
746 371 934 409 frumenta
964 379 1180 421 sequentur,

170 440 389 477 magnaque
418 441 506 466 curn
535 441 679 478 magno
707 431 830 468 veniet
859 431 988 468 tritura
1017 431 1168 478 calore;

171 493 208 524 at
237 488 267 524 si
296 488 442 525 luxuria
471 487 646 525 foliorum
675 490 857 527 exuberat
885 491 1032 535 umbra,

171 547 405 596 nequiquam
434 547 598 595 pingues
627 548 736 596 palea
764 554 858 585 teret
886 561 974 586 area
1003 549 1163 586 culmos.

172 605 326 643 Semina
355 606 430 642 vidi
459 605 638 654 equidem
666 607 806 644 multos
836 608 1028 646 medicare
1058 616 1242 654 serentes,

171 672 208 701 et
236 665 332 702 nitro
362 665 465 713 prius
494 670 531 701 et
559 665 669 713 nigra
697 665 924 714 perfundere
954 679 1119 712 amurca,

171 724 352 772 grandior
381 730 422 760 ut
449 723 547 760 fetus
577 724 722 773 siliquis
752 725 948 763 fallacibus
977 732 1086 770 esset,

171 790 207 820 et
236 783 408 832 quamvis
437 782 516 830 igni
545 783 685 832 exiguo
715 791 916 833 properata
943 784 1153 822 maderent.

170 842 260 879 Vidi
289 842 386 879 lecta
414 842 479 879 diu
507 849 545 879 et
574 842 695 879 multo
726 850 897 892 spectata
924 843 1056 880 labore

171 902 403 950 degenerare
431 907 572 946 tamen,
602 901 641 937 ni
670 902 724 939 vis
753 902 921 939 humana
950 903 1155 951 quotannis

171 962 341 999 maxima
369 973 546 1010 quaeque
575 973 693 998 manu
722 961 875 1010 legeret.
934 962 995 999 Sic
1024 963 1155 1000 omnia
1185 962 1269 999 fatis

171 1021 211 1058 in
240 1021 347 1071 peius
376 1032 482 1057 ruere
511 1032 555 1057 ac
583 1028 682 1057 retro
713 1022 892 1069 sublapsa
921 1021 1062 1066 referri,

172 1094 251 1119 non
280 1082 385 1119 aliter
413 1094 529 1130 quam
559 1082 623 1130 qui
652 1081 810 1119 adverso
839 1083 901 1118 vix
929 1082 1084 1119 flumine
1113 1082 1282 1119 lembum

172 1141 340 1189 remigiis
369 1141 518 1189 subigit,
550 1141 581 1177 si
609 1140 789 1178 bracchia
818 1140 913 1178 forte
942 1142 1097 1188 remisit,

172 1206 286 1249 atque
316 1200 421 1237 illum
451 1211 636 1248 praeceps
665 1212 791 1249 prono
820 1201 918 1248 rapit
946 1201 1072 1237 alveus
1102 1200 1217 1238 amni.

226 1259 425 1296 Praeterea
453 1265 532 1295 tarn
563 1265 651 1295 sunt
679 1259 827 1296 Arcturi
858 1259 982 1296 sidera
1011 1261 1124 1297 nobis

172 1318 477 1366 Haedorumque
507 1318 588 1355 dies
618 1318 790 1355 servandi
819 1324 856 1355 et
885 1318 1031 1356 lucidus
1063 1319 1221 1367 Anguis,

173 1390 288 1427 quam
318 1378 455 1426 quibus
485 1377 523 1413 in
553 1377 714 1425 patriam
744 1383 901 1414 ventosa
930 1390 998 1426 per
1027 1390 1194 1427 aequora
1223 1378 1340 1415 vectis

173 1438 319 1474 Pontus
348 1443 386 1474 et
414 1435 573 1473 ostriferi
602 1435 731 1473 fauces
760 1443 992 1485 temptantur
1022 1438 1163 1486 Abydi.

173 1496 288 1533 Libra
317 1496 377 1533 die
407 1496 610 1544 somnique
639 1508 750 1544 pares
779 1497 844 1532 ubi
873 1496 1002 1533 fecerit
1031 1496 1156 1541 horas,

173 1564 212 1594 et
238 1556 408 1593 medium
437 1555 510 1592 luci
539 1561 653 1603 atque
682 1555 826 1592 umbris
856 1556 931 1592 iarn
961 1556 1089 1592 dividit
1119 1557 1263 1601 orbem,

175 1623 359 1661 exercete,
387 1616 465 1660 viri,
495 1621 634 1659 tauros,
665 1616 775 1652 serite
804 1615 947 1652 hordea
975 1617 1120 1664 campis

174 1688 296 1724 usque
326 1675 396 1712 sub
425 1681 639 1711 extremum
667 1675 824 1711 brumae
853 1675 1098 1711 intractabilis
1127 1675 1317 1722 imbrem3

175 1747 248 1772 nec
276 1746 356 1771 non
384 1740 421 1770 et
448 1733 514 1769 lini
544 1740 714 1781 segetem
743 1739 780 1770 et
810 1732 966 1770 Cereale
996 1745 1162 1781 papaver

175 1801 328 1842 tempus
356 1793 476 1829 humo
504 1798 633 1840 tegere
662 1799 698 1829 et
726 1792 951 1829 iamdudum
981 1792 1201 1829 incumbere
1231 1792 1373 1838 aratris,

177 1853 269 1890 dum
299 1852 399 1889 sicca
427 1851 557 1888 tellure
586 1851 683 1897 licet,
714 1851 804 1887 dum
834 1850 963 1887 nubila
991 1851 1171 1899 pendent.

176 1912 278 1949 Vere
307 1911 405 1948 fabis
434 1911 552 1957 satio;
592 1917 674 1947 tum
702 1917 739 1948 te
769 1922 935 1959 quoque,
964 1910 1125 1955 medica,
1155 1917 1284 1959 putres

177 1970 368 2018 accipiunt
397 1970 501 2014 sulci,
531 1976 568 2006 et
595 1969 699 2006 milio
728 1969 830 2006 venit
860 1980 988 2005 annua
1017 1980 1117 2013 cura,

178 2030 362 2067 candidus
391 2030 531 2066 auratis
560 2029 680 2077 aperit
708 2041 796 2066 cum
826 2028 1008 2064 cornibus
1037 2039 1183 2064 annum

179 2089 342 2134 Taurus,
372 2096 409 2125 et
437 2088 596 2125 adverso
626 2088 767 2125 cedens
797 2087 914 2125 Canis
943 2086 1080 2124 occidit
1109 2093 1225 2126 astro.

177 2150 231 2185 At
259 2148 290 2184 si
321 2147 503 2184 triticeam
531 2148 570 2183 in
599 2159 764 2184 messem
793 2147 1023 2195 robustaque
1053 2145 1151 2182 farra

179 2207 374 2244 exercebis
403 2206 575 2252 humum,
605 2207 771 2255 solisque
800 2205 958 2242 instabis
988 2204 1124 2250 aristis,

179 2273 268 2304 ante
296 2266 363 2303 tibi
392 2265 497 2303 ane
526 2266 742 2302 Atlantides
771 2264 1053 2302 abscondantur

181 2327 406 2375 Gnosiaque
435 2326 600 2363 ardentis
631 2325 790 2362 decedat
820 2325 925 2362 stella
956 2323 1148 2371 Coronae,

180 2385 308 2422 debita
337 2397 451 2433 quam
481 2384 593 2422 sulcis
623 2384 841 2422 committas
872 2362 1046 2420 semi&
1049 2395 1241 2433 quamque

182 2444 318 2482 invitae
347 2455 529 2494 properes
559 2445 648 2480 anni
680 2455 788 2493 spem
821 2443 975 2480 credere
1005 2449 1134 2480 terrae.

1500 447 1561 480 190

1501 1037 1562 1059 200

1501 1333 1560 1363 ²05

1502 1630 1564 1652 210

1505 1925 1564 1956 ²15

1508 2220 1569 2243 220
