1669 2737
133 83 157 124 3
162 70 214 123 36
712 74 938 111 AENEJS.

132 185 223 222 ferte
252 184 355 223 faces
386 197 548 234 propere
579 182 791 234 foedusque
820 185 1009 234 reposcite
1039 185 1229 224 flammis.'

131 243 300 289 Dixerat,
331 251 446 292 atque
475 244 611 280 animis
640 245 778 292 pariter
807 245 1038 281 certantibus
1067 256 1202 282 omnes

131 303 224 340 dant
253 315 418 341 cuneum
449 304 646 352 densaque
676 304 726 341 ad
755 315 885 340 muros
915 305 1016 341 mole
1047 304 1225 342 feruntur.

132 361 266 399 Scalae
295 363 501 411 improviso
533 364 756 412 subitusque
786 364 961 411 apparuit
989 364 1098 412 ignis.

130 420 358 458 Discurrunt
386 421 447 458 alii
476 421 525 458 ad
555 428 684 470 portas
714 422 934 470 primosque
965 424 1164 468 trucidant,

130 479 271 517 ferrum
301 480 362 516 alii
391 487 571 529 torquent
600 487 638 516 et
666 480 897 517 obumbrant
926 481 1077 518 aethera
1107 482 1200 520 telis.

131 538 222 588 Ipse
251 539 348 575 inter
377 540 522 587 primos
552 539 724 576 dextram
755 540 825 576 sub
854 541 1009 577 moenia
1038 540 1158 577 tendit

131 599 285 636 Aeneas
315 610 533 647 magnaque
562 599 710 636 incusat
738 611 832 637 voce
862 599 1042 636 Latinum

131 665 367 706 testaturque
396 658 501 702 deos,
531 658 667 694 iterum
699 670 739 695 se
770 658 819 696 ad
849 659 992 707 proelia
1023 659 1122 708 cogi⁷

132 717 190 754 bis
219 717 295 753 iam
325 717 440 754 Italos
470 717 610 761 hostes,
641 717 735 754 haec
766 718 881 755 altera
911 718 1067 756 foedera
1095 717 1232 767 rumpi.

131 775 312 812 Exoritur
339 776 509 824 trepidos
537 776 634 812 inter
663 776 854 813 discordia
883 778 1002 815 cives:

132 836 266 872 urbem
296 835 357 871 alii
385 847 550 872 reserare
579 835 708 871 iubent
737 842 774 872 et
802 836 971 884 pandere
1001 845 1129 886 portas

132 893 363 931 Dardanidis
393 894 594 942 ipsumque
624 893 776 930 trahunt
804 895 843 930 in
872 896 1027 932 moenia
1057 908 1198 943 regern,

133 965 239 990 arma
267 952 390 989 ferunt
419 952 480 988 alii
510 960 545 988 et
575 960 738 1001 pergunt
767 953 971 991 defendere
1001 966 1142 991 muros.

134 1012 306 1049 Inclusas
335 1019 375 1048 ut
405 1023 492 1048 cum
521 1011 713 1048 latebroso
742 1012 780 1048 in
810 1014 963 1060 pumice
992 1021 1122 1062 pastor

132 1071 328 1119 vestigavit
358 1083 449 1119 apes
479 1070 663 1119 fumoque
693 1071 860 1120 implevit
889 1084 1044 1109 amaro:

133 1130 217 1167 illae
246 1130 347 1166 intus
377 1130 545 1178 trepidae
575 1142 701 1167 rerum
730 1142 797 1179 per
826 1143 935 1167 cerea
964 1137 1088 1168 castra

133 1189 346 1226 discurrunt
376 1190 605 1238 magnisque
635 1197 774 1227 acuunt
804 1189 1025 1228 stridoribus
1054 1191 1149 1235 iras;

133 1248 291 1285 volvitur
321 1255 399 1284 ater
429 1248 526 1285 odor
555 1250 676 1294 tectis,
707 1256 786 1286 tum
816 1261 1009 1287 murmure
1039 1262 1155 1287 caeco

133 1309 234 1345 intus
264 1320 356 1344 saxa
385 1315 533 1353 sonant,
563 1320 700 1346 vacuas
730 1310 757 1345 it
786 1308 912 1345 fumus
941 1309 990 1346 ad
1020 1321 1140 1346 auras.

187 1367 338 1404 Accidit
367 1366 462 1403 haec
493 1366 600 1404 fessis
630 1368 742 1403 etiam
773 1367 923 1404 fortuna
953 1367 1112 1412 Latinis,

134 1438 233 1475 quae
264 1432 382 1462 totam
412 1425 514 1462 luctu
544 1427 738 1463 concussit
767 1425 935 1463 funditus
964 1427 1109 1462 urbem.

134 1485 287 1534 Regina
315 1492 356 1521 ut
385 1485 492 1521 tectis
523 1486 739 1522 venientem
769 1485 953 1533 prospicit
981 1484 1144 1529 hostem,

134 1544 272 1581 incessi
302 1555 443 1588 muros,
473 1544 581 1592 ignes
611 1543 659 1579 ad
689 1551 786 1580 tecta
814 1543 953 1588 volare,

135 1614 325 1652 nusquam
355 1602 456 1638 acies
487 1609 618 1638 contra
648 1601 822 1646 Rutulas,
853 1602 955 1639 nulla
984 1604 1138 1651 agmina
1167 1603 1311 1641 Turni:

135 1662 263 1699 infelix
292 1673 445 1710 pugnae
475 1661 651 1697 iuvenem
680 1662 719 1696 in
749 1662 954 1698 certamine
985 1662 1103 1699 credit

135 1721 364 1758 exstinctum
394 1726 442 1765 et,
473 1720 598 1756 subito
628 1726 796 1756 mentem
826 1721 975 1756 turbata
1005 1721 1147 1766 dolore,

136 1793 176 1818 se
206 1791 360 1817 causam
390 1779 528 1816 clamat
557 1779 775 1827 crimenque
805 1786 995 1827 caputque
1024 1780 1221 1825 malorum,

135 1840 330 1888 multaque
359 1850 428 1887 per
456 1845 645 1875 maestum
675 1838 835 1875 demens
865 1837 978 1874 effata
1008 1838 1176 1874 furorem

136 1909 348 1948 purpureos
378 1898 559 1934 moritura
589 1909 703 1933 manu
733 1896 909 1933 discindit
938 1898 1096 1934 amictus

137 1968 174 1996 et
202 1957 348 1994 nodum
379 1956 550 1993 informis
580 1955 641 1992 leti
674 1957 779 1992 trabe
811 1956 926 1992 nectit
955 1956 1003 1991 ab
1032 1956 1114 1992 alta.

138 2017 267 2062 Quam
297 2015 445 2052 cladem
473 2015 635 2052 miserae
664 2022 869 2064 postquam
900 2027 1082 2064 accepere
1111 2015 1280 2063 Latinae,

137 2076 213 2113 filia
239 2074 361 2124 prima
388 2086 506 2111 manu
534 2073 650 2111 flavos
679 2073 837 2111 Lavinia
866 2075 987 2111 crines

137 2142 175 2172 et
202 2145 333 2171 roseas
362 2133 501 2170 laniata
529 2145 657 2182 genas,
682 2141 762 2170 tum
791 2140 918 2171 cetera
946 2134 1087 2171 circum

137 2195 249 2232 turba
277 2193 383 2231 furit:
423 2201 604 2231 resonant
633 2193 706 2232 late
736 2194 981 2244 plangoribus
1013 2195 1136 2232 aedes.

137 2253 245 2291 Hinc
273 2260 393 2291 totam
423 2253 548 2291 infelix
578 2254 750 2303 vulgatur
779 2254 880 2291 fama
908 2267 975 2304 per
1002 2255 1146 2292 urbem.

136 2312 352 2349 Demittunt
381 2320 550 2359 mentes;
595 2314 621 2350 it
651 2315 768 2352 scissa
797 2321 900 2352 veste
928 2314 1098 2360 Latinus,

139 2371 310 2420 coniugis
340 2373 521 2409 attonitus
551 2371 633 2409 fatis
663 2373 843 2423 urbisque
872 2374 990 2420 ruina,

481 2445 554 2486 605.
600 2447 749 2478 Fortasse
767 2447 938 2488 legendum
955 2452 1001 2479 est
1019 2447 1155 2480 ‘floros.'

1455 319 1517 354 575

1456 606 1518 646 580

1456 1206 1519 1237 590

1455 1501 1515 1533 595

1455 1786 1518 1818 600

1454 2083 1514 2123 605

1452 2378 1517 2412 610
