1669 2737
127 71 150 112 3
156 70 207 112 34
709 66 935 101 AENEIS.

126 174 296 212 diversos
325 175 389 211 ubi
419 176 537 213 sensit
565 187 685 226 equos
715 188 945 226 currumque
973 175 1110 221 referri,

125 233 245 270 multa
275 233 407 271 Iovem
437 241 474 272 et
503 235 595 273 laesi
624 242 780 273 testatus
810 236 973 273 foederis
1003 247 1086 272 aras

125 292 203 329 iam
233 292 389 329 tandem
418 293 560 331 invadit
588 295 738 332 medios
767 300 804 331 et
833 293 957 330 Marte
988 292 1157 330 secundo

126 351 299 388 terribilis
330 363 484 389 saevam
513 353 616 389 nullo
646 353 861 390 discrimine
890 353 1049 390 caedem

127 411 283 447 suscitat
309 410 525 460 irarumque
555 423 692 448 omnes
721 411 880 448 effundit
907 411 1090 448 habenas.

182 468 280 514 Quis
309 469 402 505 mihi
431 481 533 506 nunc
563 477 618 506 tot
649 471 787 507 acerba
816 470 920 515 deus,
951 471 1036 519 quis
1066 470 1234 507 carmine
1263 469 1401 507 caedes
1453 485 1464 491 ·

129 527 296 565 diversas
325 529 550 576 obitumque
581 529 735 574 ducum,
766 541 862 578 quos
892 541 1059 578 aequore
1088 535 1169 566 toto

127 587 243 635 inque
273 588 393 624 vicem
424 599 526 624 nune
557 587 712 625 Turnus
741 589 830 637 agit,
860 600 963 625 nunc
993 587 1138 625 Trorus
1167 587 1290 635 heros,

127 646 331 694 expediat?
388 645 558 682 Tanton’
588 646 730 695 placuit
760 659 985 684 concurrere
1014 653 1133 692 motu,

127 704 310 754 Iuppiter,
340 710 495 741 aeterna
523 712 658 753 gentes
688 705 727 742 in
756 718 855 754 pace
884 706 1053 743 futuras?

127 765 280 801 Aeneas
310 763 496 800 Rutulum
527 763 739 801 Sucronem
770 763 832 816 (ea
861 766 985 814 prima
1012 771 1166 803 ruentes

127 836 258 872 pugna
286 823 373 860 loco
404 823 531 860 statuit
560 823 751 874 Teucros)
782 824 887 862 haud
917 825 1034 862 multa
1063 831 1277 863 morantem

128 882 267 931 excipit
296 882 334 919 in
363 882 461 919 latus
491 889 537 927 et,
568 895 643 933 qua
673 883 750 921 fata
779 884 986 930 celerrima,
1018 885 1179 922 crudum

127 941 351 990 transadigit
381 948 507 979 costas
538 948 574 979 et
603 949 725 980 crates
755 944 921 993 pectoris
951 956 1094 981 ensem.

127 999 283 1037 Turnus
312 1012 412 1049 equo
443 1001 631 1038 deiectum
661 1003 854 1051 Amycum
884 1002 1114 1051 fratremque
1143 1001 1299 1048 Dioren,

128 1071 357 1107 congressus
384 1060 515 1108 pedes,
546 1060 648 1098 hunc
678 1062 894 1098 venientem
925 1061 1084 1110 cuspide
1114 1061 1239 1109 longa,

127 1118 230 1155 hunc
259 1130 444 1156 mucrone
473 1118 557 1156 serit
587 1132 773 1169 curruque
803 1121 973 1157 abscissa
1003 1120 1165 1157 duorum

129 1177 326 1226 suspendit
355 1178 480 1226 capita
509 1185 545 1214 et
574 1181 739 1215 rorantia
769 1179 956 1227 sanguine
985 1185 1121 1228 portat.

128 1235 194 1272 Ille
225 1236 352 1273 Talon
382 1236 626 1286 Tanaimque
656 1239 741 1275 neci
770 1238 984 1288 fortemque
1013 1238 1239 1288 Cethegum,

128 1303 203 1332 tres
232 1307 310 1333 uno
340 1307 559 1345 congressu,
590 1303 628 1334 et
656 1305 845 1334 maestum
874 1298 986 1335 mittit
1015 1296 1170 1344 Oniten,

128 1367 275 1391 nomen
304 1353 534 1393 Echionium
564 1357 772 1406 matrisque
801 1370 923 1406 genus
954 1357 1138 1403 Peridiae,

127 1413 189 1451 hic
219 1414 350 1451 fratres
380 1414 497 1463 Lycia
526 1416 666 1454 missos
695 1424 732 1454 et
761 1416 953 1466 Apollinis
983 1417 1083 1465 agris

129 1480 166 1509 et
195 1473 371 1510 iuvenem
402 1485 563 1511 exosum
593 1477 829 1525 nequiquam
859 1476 958 1513 bella
987 1476 1209 1522 Menoeten,

128 1532 291 1576 Arcada,
321 1533 495 1580 piscosae
527 1534 585 1570 cui
616 1535 759 1572 circum
789 1535 947 1572 flumina
976 1535 1125 1572 Lernae

129 1603 188 1627 ars
218 1590 338 1627 fuerat
367 1603 589 1641 pauperque
621 1593 758 1631 domus
788 1607 860 1632 nec
890 1601 982 1631 nota
1011 1601 1215 1643 potentum

129 1661 288 1686 munera
317 1650 583 1699 conductaque
613 1659 719 1700 pater
749 1653 878 1690 tellure
909 1654 1071 1691 serebat.

129 1710 189 1746 Ac
217 1708 316 1746 velut
345 1710 504 1747 immissi
534 1710 690 1748 diversis
720 1713 889 1760 partibus
919 1713 1029 1761 ignes

129 1774 298 1805 arentem
327 1769 365 1805 in
394 1769 525 1805 silvam
555 1776 592 1806 et
620 1770 780 1818 virgulta
811 1772 987 1808 sonantia
1015 1772 1133 1816 lauro,

130 1835 193 1865 aut
221 1827 285 1864 ubi
314 1827 474 1865 decursu
502 1828 636 1877 rapido
665 1829 713 1866 de
742 1831 937 1868 montibus
966 1830 1050 1867 altis

131 1887 222 1924 dant
251 1888 419 1925 sonitum
448 1889 619 1936 spumosi
648 1901 782 1926 amnes
811 1895 848 1926 et
877 1890 916 1926 in
945 1901 1112 1938 aequora
1142 1896 1296 1926 currunt

130 1947 292 1996 quisque
322 1959 432 1984 suum
462 1948 667 1997 populatus
696 1948 789 1986 iter:
830 1961 909 1985 non
944 1950 1099 1997 segnius
1127 1949 1243 1985 ambo
1272 1962 1276 1965 ¹

131 2007 282 2044 Aeneas
312 2006 544 2056 Turnusque
574 2014 688 2044 ruunt
716 2020 783 2056 per
811 2008 981 2057 proelia3
1024 2019 1126 2044 nunc
1156 2019 1259 2044 nunc

129 2065 286 2103 fluctuat
314 2066 368 2102 ira
396 2066 506 2112 intus,
537 2074 763 2115 rumpuntur
792 2068 922 2104 nescia
951 2067 1049 2104 vinei

130 2131 296 2173 pectora,
326 2138 428 2163 nunc
457 2126 546 2163 totis
574 2126 613 2162 in
643 2126 798 2163 vulnera
827 2126 966 2164 viribus
995 2127 1077 2163 itur.

130 2184 354 2221 Murranum
383 2184 455 2229 hic,
485 2191 613 2222 atavos
644 2191 681 2222 et
709 2197 868 2222 avorum
898 2186 1054 2234 antiqua
1083 2193 1286 2223 sonantem

130 2245 289 2281 nomina
316 2257 384 2293 per
412 2258 598 2294 regesque
629 2252 755 2283 actum
785 2258 907 2295 genus
936 2258 1052 2284 omne
1080 2245 1250 2293 Latinos,

129 2303 375 2352 praecipitem
405 2304 565 2352 scopulo
595 2312 710 2354 atque
740 2305 904 2353 ingentis
933 2306 1082 2343 turbine
1111 2307 1192 2343 saxi

130 2363 270 2399 excutit
299 2363 534 2412 effunditque
564 2363 669 2401 solo:
709 2364 813 2402 hunc
842 2365 922 2402 lora
951 2372 988 2402 et
1016 2366 1104 2414 iuga
1133 2367 1261 2404 subter

131 2423 353 2472 provolvere
383 2429 498 2468 rotae,
529 2424 662 2461 crebro
693 2436 804 2473 super
832 2425 975 2474 ungula
1004 2426 1116 2476 pulsu

1450 191 1511 223 495

1449 781 1509 812 505

1448 1076 1511 1107 5¹0

1448 1372 1509 1404 515

1449 1668 1511 1700 520

1448 1964 1509 1996 525

1447 2262 1509 2293 530
