1669 2737
178 67 230 108 80
547 49 551 53 ’
727 69 1015 107 GEORGJCA.

176 181 280 219 exesi
308 180 423 218 latere
452 180 490 216 in
518 179 670 224 montis,
700 190 778 226 quo
808 177 969 226 plurima
997 185 1112 215 vento

177 241 324 289 cogitur
352 240 466 287 inque
497 240 602 275 sinus
632 238 770 274 scindit
800 249 885 274 sese
913 237 1017 275 unda
1045 237 1236 282 reductos,
1500 251 1566 283 420

178 301 373 349 deprensis
403 299 493 336 olim
523 299 632 335 statio
662 297 849 333 tutissima
877 298 1025 343 nautis;

178 360 277 396 intus
307 371 347 396 se
376 358 468 395 vasti
498 356 656 393 Proteus
687 355 779 403 tegit
807 355 930 392 obiice
961 356 1052 394 saxi.

179 418 256 456 Hic
286 419 461 454 iuvenem
490 416 528 451 in
558 415 707 451 latebris
736 426 910 451 aversum
939 427 961 452 a
995 415 1137 452 lumine
1166 413 1349 464 Nympha

179 477 352 521 collocat,
381 476 465 524 ipsa
494 473 627 523 procul
656 473 804 509 nebulis
832 474 995 510 obscura
1023 474 1171 511 resistit.

180 536 261 572 Iam
291 534 443 583 rapidus
472 541 619 570 torrens
649 532 816 569 sitientes
847 531 964 569 Sirius
993 532 1112 570 Indos
1502 543 1564 576 425

179 594 334 631 ardebat
363 593 478 637 caelo,
508 598 546 628 et
574 591 744 627 medium
774 590 831 627 sol
860 591 996 639 igneus
1025 592 1157 628 orbem

180 653 354 690 hauserat
370 665 380 698 ;
420 651 576 688 arebant
606 650 757 694 herbae,
788 656 825 686 et
854 661 947 686 cava
976 649 1135 686 fiumina
1164 649 1275 687 siccis

180 713 351 749 faucibus
381 710 430 748 ad
458 710 590 746 limum
618 709 712 746 radii
742 708 930 757 tepefacta
959 709 1199 757 coquebant:

181 783 269 809 curn
299 770 458 806 Proteus
489 775 674 805 consueta
702 775 838 816 petens
867 780 888 804 e
917 768 1092 805 fluctibus
1121 775 1230 804 antra

182 831 283 876 ibat3
322 841 409 866 eurn
441 828 533 865 vasti
563 829 829 876 circumgens
859 827 988 863 umida
1017 827 1126 875 ponti
1504 839 1568 869 430

182 889 375 926 exsultans
404 899 529 924 rorem
558 887 631 924 late
661 886 843 934 dispergit
873 898 1055 923 amarum.

184 949 363 985 Sternunt
392 959 432 983 se
462 958 599 983 somno
630 945 798 982 diversae
828 946 865 982 in
894 945 1001 983 litore
1031 945 1203 994 phocae3

182 1009 264 1057 ipse
293 1007 391 1044 velut
421 1006 555 1042 stabuli
585 1012 714 1042 custos
744 1006 783 1040 in
812 1005 1007 1042 montibus
1036 1005 1141 1049 olim,

182 1079 316 1115 vesper
342 1066 407 1102 ubi
436 1078 457 1102 e
487 1073 598 1113 pastu
627 1064 764 1101 vitulos
794 1064 843 1101 ad
872 1070 970 1101 tecta
998 1064 1154 1109 reducit,

183 1126 393 1174 auditisque
422 1124 534 1173 lupos
563 1130 705 1161 acuunt
733 1123 919 1160 balatibus
948 1124 1048 1172 agni,
1506 1136 1568 1169 435

184 1184 347 1222 considit
376 1183 536 1231 scopulo
565 1182 725 1226 medius,
756 1194 1035 1230 numerumque
1065 1188 1247 1220 recenset.

185 1244 302 1282 Cuius
332 1243 508 1280 Aristaeo
538 1243 721 1291 quoniam
751 1249 806 1279 est
835 1242 964 1279 oblata
992 1242 1162 1284 facultas,

184 1304 244 1340 vix
275 1301 423 1340 defessa
452 1313 584 1338 senem
613 1313 750 1349 passus
780 1313 1015 1350 componere
1044 1301 1217 1338 membra

185 1375 272 1399 cum
302 1361 468 1397 clamore
496 1360 567 1397 ruit
596 1372 752 1409 magno,
783 1360 1020 1408 manicisque
1049 1361 1236 1397 iacentem

185 1427 360 1469 occupat.
417 1419 484 1456 Ille
515 1431 604 1455 suae
635 1426 768 1456 contra
796 1430 876 1456 non
909 1419 1111 1456 immemor
1139 1420 1227 1455 artis
1509 1433 1573 1463 440

186 1481 316 1518 omnia
345 1478 588 1516 transformat
618 1490 701 1515 sese
731 1478 768 1514 in
798 1477 978 1515 miracula
1006 1489 1143 1523 rerum,

186 1541 393 1588 ignemque
423 1537 719 1585 horribilemque
750 1536 869 1573 feram
898 1536 1132 1585 fluviumque
1161 1537 1382 1586 liquentem.

186 1599 333 1636 Verum
361 1597 425 1634 ubi
454 1596 556 1632 nulla
585 1595 715 1644 fugam
744 1596 881 1643 reperit
910 1595 1069 1640 fallacia,
1100 1596 1220 1633 victus

187 1660 227 1695 in
255 1669 339 1695 sese
368 1656 474 1701 redit,
504 1662 617 1703 atque
642 1655 809 1691 hominis
839 1654 995 1691 tandem
1025 1666 1091 1691 ore
1121 1654 1272 1692 locutus

189 1721 198 1736 ‘
216 1716 317 1753 Nam
345 1715 429 1764 quis
460 1722 505 1759 te,
535 1714 714 1750 iuvenum
744 1713 1081 1758 confidentissime,
1112 1720 1262 1751 nostras
1511 1728 1570 1759 445

189 1776 296 1813 iussit
324 1775 427 1811 adire
457 1773 620 1811 domos?
661 1772 799 1821 quidve
828 1772 916 1809 hinc
944 1771 1083 1821 petis?'
1123 1773 1255 1821 inquit.
1311 1772 1362 1810 At
1390 1771 1450 1809 ille

191 1835 308 1880 ‘Seis‚
339 1834 489 1878 Proteu‚
520 1832 593 1869 scis
622 1832 730 1880 ipse;
770 1843 896 1879 neque
926 1838 983 1868 est
1012 1838 1048 1868 te
1077 1830 1204 1868 fallere
1234 1831 1470 1880 quidquam:

192 1894 259 1932 sed
286 1901 326 1930 tu
356 1892 485 1930 desine
515 1891 620 1928 velle.
677 1890 804 1927 Deum
833 1896 1037 1939 praecepta
1065 1890 1184 1927 secuti

191 1953 374 1996 venimus,
404 1951 492 1988 hinc
521 1949 630 1987 lassis
659 1950 874 1998 quaesitum
903 1948 1058 1986 oracula
1086 1947 1223 1986 rebus.²

191 2012 362 2049 Tantum
391 2010 537 2047 effatus.
593 2009 657 2045 Ad
684 2008 779 2045 haec
807 2015 909 2045 vates
938 2008 971 2044 vi
1002 2007 1166 2057 denique
1194 2007 1311 2045 multa
1509 2022 1574 2052 450

192 2070 366 2109 ardentes
394 2069 527 2106 oculos
556 2068 704 2105 intorsit
731 2067 874 2104 lumine
903 2067 1051 2115 glauco,

191 2137 230 2170 et
256 2130 416 2179 graviter
444 2128 623 2165 frendens
653 2127 706 2165 sic
735 2126 819 2164 fatis
848 2138 914 2163 ora
942 2126 1117 2164 resolvit:

242 2193 254 2213 -‘
268 2189 360 2227 Non
389 2195 425 2225 te
454 2188 591 2225 nullius
619 2192 798 2224 exercent
826 2185 991 2222 numinis
1019 2186 1095 2222 irae
1111 2199 1121 2231 ;

133 2290 141 2299 ,
192 2261 334 2298 magna
361 2248 432 2285 luis
461 2247 690 2284 commissa:
731 2245 797 2283 tibi
825 2244 893 2282 has
923 2245 1145 2282 miserabilis
1175 2244 1353 2294 Orpheus

191 2308 488 2356 haudquaquam
517 2306 568 2342 ob
596 2305 771 2343 meritum
802 2315 959 2353 poenas,
990 2303 1030 2340 ni
1060 2303 1134 2340 fata
1162 2305 1351 2348 resistant,
1509 2318 1569 2350 455

193 2367 357 2410 suscitat,
389 2372 426 2402 et
454 2371 561 2412 rapta
589 2364 750 2412 graviter
777 2375 848 2412 pro
878 2363 1041 2411 coniuge
1070 2362 1197 2400 saevit.

194 2425 263 2464 Illa
290 2425 457 2475 quidem,
488 2423 579 2461 durn
608 2429 643 2460 te
673 2422 820 2472 sugeret
847 2434 916 2472 per
945 2421 1102 2459 flumina
1131 2433 1326 2472 praeceps,
