1669 2737
565 97 730 133 LIBER
759 96 809 133 X.
844 90 1050 146 263—340.

121 216 257 242 omnes
285 203 486 252 innocuae,
515 205 583 243 sed
611 217 693 243 non
721 206 860 254 puppis
889 212 965 250 tua,
996 204 1190 242 Tarchon.

121 262 300 312 Namque
328 263 468 301 inflicta
496 264 601 302 vadis
630 264 744 302 dorso
773 264 865 301 dum
894 264 1037 313 pendet
1066 264 1209 313 iniquo,

121 333 264 371 anceps
290 320 500 360 'sustentata
529 323 604 368 diu,
632 322 845 372 fluctusque
874 322 1016 372 fatigat,

121 379 275 417 solvitur
303 386 415 430 atque
443 381 543 419 viros
571 381 706 418 mediis
735 381 892 429 exponit
921 382 960 418 in
989 381 1125 427 undis;

120 437 310 487 fragmina
336 451 529 477 remorum
558 451 655 489 quos
683 446 722 477 et
748 439 934 477 fluitantia
963 447 1126 477 transtra

120 499 344 548 impediunt,
373 500 601 550 retrahitque
629 500 770 549 pedem
797 500 907 537 simul
935 500 1039 537 unda
1067 500 1255 537 relabens.

174 558 259 597 Nec
287 560 464 597 Turnum
493 561 623 609 segnis
651 559 785 597 retinet
815 571 933 605 mora,
964 560 1031 597 sed
1059 560 1156 608 rapit
1185 571 1272 596 acer

120 623 240 654 totam
268 619 390 656 aciem
417 619 456 655 in
485 618 658 656 Teucros
687 625 724 656 et
753 626 886 656 contra
914 619 952 656 in
982 618 1088 656 litore
1117 618 1222 655 sistit.

121 676 240 726 Signa
268 684 420 715 canunt.
478 677 625 715 Primus
654 684 798 716 turmas
827 679 960 715 invasit
991 685 1163 726 agrestes

119 736 284 782 Aeneas,
314 748 430 774 omen
458 748 624 786 pugnae,
653 738 857 786 stravitque
886 737 1046 775 Latinos

120 795 250 833 occiso
279 795 473 839 Therone,
502 796 623 832 virum
652 796 716 844 qui
744 796 934 833 maximus
963 796 1062 832 ultro

119 854 280 891 Aenean
308 854 422 903 petit:
461 853 548 891 huic
577 854 704 902 gladio
733 867 878 903 perque
907 867 1019 892 aerea
1048 862 1142 899 suta,

119 924 187 961 per
214 912 382 950 tunicam
410 913 649 962 squalentem
677 925 770 950 auro
800 914 898 951 latus
926 913 1048 950 haurit
1077 919 1261 962 apertum.

121 970 217 1009 Inde
246 971 391 1009 Lichan
419 971 513 1017 ferit,
543 979 737 1009 exsectum
766 972 843 1008 iam
871 979 990 1009 matre
1019 978 1220 1020 perempta

120 1037 158 1067 et
185 1031 262 1077 tibi,
292 1030 459 1076 Phoebe,
489 1043 649 1076 sacrum,
676 1043 786 1069 casus
814 1031 972 1068 evadere
1002 1031 1088 1068 ferri

121 1089 227 1138 quod
254 1089 358 1127 licuit
385 1101 514 1139 parvo.
570 1089 654 1127 Nec
682 1089 796 1139 longe
826 1089 959 1128 Cissea
988 1090 1125 1127 durum

120 1149 404 1198 immanemque
433 1148 557 1198 Gyan,
588 1156 799 1186 sternentes
828 1150 982 1197 agmina
1012 1148 1125 1194 clava,

121 1208 257 1246 deiecit
283 1209 384 1246 leto:
422 1208 514 1246 nihil
542 1209 625 1246 illos
655 1208 832 1246 Herculis
861 1221 966 1246 arma

121 1281 193 1307 nec
222 1269 367 1307 validae
395 1270 520 1306 iuvere
549 1281 684 1306 manus
713 1269 938 1318 genitorque
967 1268 1198 1318 Melampus,

121 1328 279 1366 Alcidae
308 1340 440 1366 comes
468 1340 588 1377 usque
617 1340 750 1377 graves
780 1327 871 1364 dum
901 1335 999 1365 terra
1028 1328 1179 1365 labores

121 1387 302 1436 praebuit.
358 1386 460 1424 Ecce
489 1387 624 1432 Pharo,
654 1399 767 1425 voces
797 1386 888 1424 dum
918 1387 1030 1439 iactat
1059 1387 1210 1431 inertes,

122 1447 344 1496 intorquens
372 1446 537 1484 iaculum
566 1447 742 1484 clamanti
771 1446 865 1483 sistit
893 1447 932 1483 in
961 1458 1036 1484 ore.

123 1506 189 1544 Tu
216 1518 383 1557 quoque,
411 1506 612 1543 flaventem
642 1506 763 1555 prima
791 1506 970 1554 lanugine
999 1506 1119 1543 malas

123 1565 215 1602 dum
244 1565 412 1615 sequeris
444 1564 609 1615 Clytium
637 1564 777 1610 infelix,
807 1577 907 1602 nova
935 1565 1084 1614 gaudia,
1116 1563 1265 1614 Cydon,

123 1624 319 1662 Dardania
347 1631 485 1662 stratus
514 1625 655 1670 dextra,
686 1635 842 1662 securus
873 1636 1060 1669 amorum,

124 1685 189 1734 qui
218 1685 395 1721 iuvenum
423 1684 491 1720 tibi
521 1696 670 1733 semper
698 1690 815 1729 erant,
845 1683 1060 1720 miserande
1089 1683 1242 1728 iaceres,

125 1745 165 1781 ni
193 1743 350 1781 fratrum
378 1743 515 1792 stipata
543 1743 683 1780 cohors
712 1742 808 1780 soret
837 1743 959 1788 obvia,
992 1742 1128 1779 Phorci

125 1803 535 1854 progenies—septem
564 1814 735 1848 numero,
765 1808 999 1851 septenaque
1029 1802 1102 1838 tela

127 1864 355 1910 coniiciunt;
397 1863 536 1913 partim
563 1862 673 1911 galea
701 1862 902 1912 clipeoque
931 1861 1113 1899 resultant

127 1924 240 1969 irrita,
269 1923 421 1961 deflexit
448 1923 587 1972 partim
617 1923 839 1971 stringentia
869 1934 1009 1971 corpus

129 1983 230 2020 alma
256 1982 397 2020 Venus.
456 1982 593 2019 Fidum
622 1983 776 2019 Aeneas
805 1981 940 2018 affatur
970 1981 1171 2019 Achaten:

131 2042 324 2092 ‘Suggere
351 2042 426 2080 tela
453 2041 570 2079 mihi:
611 2053 691 2079 non
719 2041 838 2078 ullum
867 2041 1022 2078 dextera
1051 2041 1188 2078 frustra

130 2103 278 2140 torserit
305 2102 344 2139 in
374 2101 550 2146 Rutulos,
579 2108 762 2139 steterunt
792 2112 889 2149 quae
917 2101 956 2137 in
986 2112 1147 2149 corpore
1178 2099 1337 2137 Graium

131 2161 254 2199 Iliacis
283 2159 450 2209 campis.'
507 2159 612 2197 Tum
640 2171 822 2208 magnam
852 2159 1005 2208 corripit
1033 2158 1183 2196 hastam

132 2229 170 2260 et
195 2221 303 2259 iacit:
341 2220 403 2257 illa
430 2219 562 2257 volans
592 2219 701 2268 clipei
727 2219 1003 2256 transverberat
1032 2231 1119 2256 aera

132 2280 310 2318 Maeonis
337 2286 375 2316 et
401 2278 558 2315 thoraca
586 2278 695 2315 simul
724 2289 812 2315 cum
840 2285 996 2327 pectore
1024 2277 1176 2326 rumpit.

133 2340 237 2377 Huic
265 2338 379 2375 frater
407 2338 506 2374 subit
534 2337 701 2374 Alcanor
729 2336 958 2386 fratremque
986 2344 1161 2374 ruentem

133 2404 317 2436 sustentat
344 2396 494 2434 dextra:
532 2397 689 2433 traiecto
718 2396 834 2433 missa
862 2396 1004 2432 lacerto

132 2458 304 2508 protinus
332 2456 440 2494 hasta
468 2455 561 2505 fugit
589 2461 785 2504 servatque
815 2463 970 2493 cruenta
999 2462 1184 2501 tenorem,

1438 393 1499 425 305

1440 691 1502 722 310

1439 987 1499 1017 315

1445 1874 1509 1905 330

1447 2172 1507 2203 335

1452 2470 1515 2501 340
