1669 2737
569 92 737 127 LIBER
767 92 801 128 l.
838 99 1046 140 142—219.

57 240 61 246 ,
108 208 356 251 prospectum
386 201 460 239 late
489 201 628 251 pelago
658 202 762 251 petit,
793 202 946 239 Anthea
976 202 1006 239 si
1036 214 1151 251 quem

107 262 288 299 iactatum
316 269 430 299 vento
459 262 582 300 videat
611 262 872 311 Phrygiasque
902 263 1066 298 biremes

107 328 171 358 aut
200 322 335 371 Capyn
366 329 430 358 aut
459 322 567 359 celsis
595 322 633 359 in
663 322 856 371 puppibus
886 334 992 358 arma
1023 321 1138 359 Caici.

108 379 256 417 Navem
285 382 324 417 in
354 389 566 429 conspectu
595 381 749 426 nullam,
781 389 854 418 tres
883 381 992 418 litore
1022 392 1156 417 cervos

106 441 289 489 prospicit
317 447 504 487 errantes;
544 441 615 478 hos
645 448 725 478 tota
754 448 924 478 armenta
953 448 1163 489 sequuntur

107 511 129 535 a
157 507 277 548 tergo,
307 507 344 537 et
372 500 533 548 longum
562 512 630 549 per
658 500 772 537 valles
801 500 967 548 pascitur
997 511 1149 547 agmen.

107 557 286 596 Constitit
315 559 389 604 hic,
420 572 627 608 arcumque
656 572 773 596 manu
805 559 1023 607 celeresque
1054 559 1209 607 sagittas

107 619 297 667 corripuit,
326 618 424 656 fidus
454 631 552 667 quae
581 619 655 656 tela
684 619 839 668 gerebat
870 618 1047 662 Achates,

107 677 360 727 ductoresque
388 679 493 726 ipsos
523 679 699 726 primum,
731 679 856 726 capita
885 678 959 714 alta
988 677 1151 715 ferentes

107 737 284 774 cornibus
313 738 490 783 arboreis,
521 738 675 783 sternit;
715 744 796 774 tum
826 737 959 785 vulgus
990 744 1026 774 et
1057 749 1216 774 omnem

70 811 91 820 *⁴
106 796 239 833 miscet
268 808 387 845 agens
416 797 498 834 telis
528 809 687 834 nemora
716 798 811 833 inter
839 796 1001 834 frondea
1031 798 1209 841 turbam;

107 867 178 892 nec
208 856 310 903 prius
339 856 495 901 absistit,
524 868 641 904 quam
671 864 819 905 septem
847 856 1017 904 ingentia
1047 857 1166 892 victor

107 925 268 963 corpora
297 914 428 952 fundat
458 915 575 952 humo
606 923 642 952 et
672 927 874 952 numerum
904 927 991 951 curn
1021 916 1182 952 navibus
1212 922 1361 964 aequet.

108 974 211 1010 Hinc
239 982 392 1022 portum
422 975 524 1023 petit,
554 982 591 1011 et
621 975 748 1012 socios
778 975 934 1023 partitur
964 975 1002 1011 in
1032 986 1182 1011 omnes.

106 1032 207 1070 Vina
235 1034 359 1084 bonus
389 1046 487 1082 quae
517 1034 656 1072 deinde
685 1034 789 1071 cadis
820 1042 993 1071 onerarat
1023 1035 1183 1071 Acestes

105 1092 212 1129 litore
241 1092 443 1130 Trinacrio
474 1094 707 1142 dederatque
737 1094 964 1131 abeuntibus
993 1093 1121 1139 heros,

107 1152 248 1197 dividit,
278 1160 314 1190 et
344 1153 452 1190 dictis
481 1154 690 1190 maerentia
718 1160 875 1201 pectora
903 1153 1044 1190 mulcet
1060 1166 1071 1199 3

107 1211 166 1249 ‘O
202 1212 294 1248 socii
332 1211 477 1262 (neque
507 1214 609 1249 enim
638 1213 758 1261 ignari
790 1224 921 1249 sumus
952 1220 1039 1249 ante
1069 1212 1288 1263 malorum),

105 1283 129 1308 o
160 1271 261 1319 passi
290 1272 475 1320 graviora,
505 1271 609 1309 dabit
639 1272 732 1309 deus
762 1272 818 1308 his
848 1284 1002 1321 quoque
1033 1272 1159 1309 finem.

106 1330 189 1367 Vos
218 1338 255 1367 et
286 1330 496 1380 Scyllaeam
526 1332 669 1368 rabiem
700 1332 929 1380 penitusque
959 1338 1142 1368 sonantes

105 1390 264 1427 accestis
293 1390 485 1438 scopulos,
515 1402 583 1427 vos
612 1398 648 1427 et
678 1390 873 1438 Cyclopea
902 1403 994 1427 saxa

105 1450 272 1498 experti:
314 1457 489 1486 revocate
519 1450 680 1493 animos,
712 1457 976 1498 maestumque
996 1443 1182 1487 >timorem

104 1510 237 1545 mittite
252 1522 262 1555 3
302 1509 432 1546 forsan
462 1516 499 1546 et
527 1509 622 1546 haec
651 1509 742 1546 olim
771 1509 990 1546 meminisse
1021 1509 1172 1546 iuvabit.

106 1568 178 1605 Per
205 1569 328 1605 varios
357 1581 479 1614 casus,
509 1581 577 1617 per
606 1575 661 1605 tot
691 1569 911 1605 discrimina
939 1581 1065 1605 rerum

105 1628 297 1665 tendimus
327 1629 366 1664 in
396 1627 560 1672 Latium,
591 1628 702 1665 sedes
731 1628 796 1664 ubi
827 1627 902 1665 fata
932 1629 1082 1676 quietas

105 1687 335 1733 ostendunt3
375 1687 449 1724 illic
477 1687 533 1724 fas
562 1700 681 1736 regna
710 1699 906 1735 resurgere
936 1687 1090 1725 Troiae.

104 1746 259 1792 Durate,
290 1754 327 1784 et
355 1754 504 1784 vosmet
531 1747 644 1784 rebus
674 1753 819 1784 servate
849 1746 1050 1784 secundis.'

159 1805 270 1842 Talia
298 1818 392 1843 voce
422 1806 544 1852 refert,
575 1807 748 1855 curisque
778 1807 998 1855 ingentibus
1028 1819 1142 1855 aeger

107 1878 214 1915 spem
242 1867 345 1904 vultu
374 1867 535 1911 simulat,
565 1868 701 1916 premit
730 1867 848 1903 altum
880 1867 995 1904 corde
1027 1868 1211 1904 dolorem.

106 1926 164 1962 Illi
195 1938 234 1963 se
263 1926 427 1975 praedae
455 1927 663 1975 accingunt
692 1926 932 1976 dapibusque
962 1926 1117 1963 futuris:

105 1992 258 2034 tergora
286 1985 466 2034 diripiunt
495 1986 610 2023 costis
640 1992 676 2023 et
703 1986 847 2022 viscera
876 1985 1033 2031 nudant,

105 2057 193 2093 pars
222 2045 260 2081 in
289 2044 407 2082 frusta
437 2053 568 2082 secant
596 2045 820 2095 veribusque
851 2046 1051 2081 trementia
1082 2045 1214 2094 figunt,

105 2104 211 2141 litore
242 2109 339 2141 ae'na
365 2104 495 2142 locant
523 2105 584 2141 alii
613 2104 869 2153 flammasque
900 2105 1124 2141 ministrant.

106 2164 211 2201 Tum
238 2165 339 2201 victu
367 2172 546 2201 revocant
575 2164 682 2208 vires,
714 2163 862 2212 fusique
892 2176 959 2212 per
988 2163 1148 2200 herbam

106 2223 311 2272 implentur
339 2224 473 2260 veteris
504 2223 646 2260 Bacchi
675 2223 904 2271 pinguisque
935 2222 1085 2259 ferinae.

107 2282 316 2331 Postquam
344 2290 524 2332 exempta
553 2282 674 2319 fames
704 2282 823 2330 epulis
853 2293 1087 2330 mensaeque
1117 2290 1298 2329 remotae,

108 2342 269 2379 amissos
297 2342 417 2390 longo
446 2342 574 2379 socios
604 2353 783 2378 sermone
812 2341 1008 2388 requirunt

108 2413 291 2450 spemque
320 2408 542 2450 metumque
571 2401 668 2437 inter
699 2400 814 2444 dubii,
846 2412 913 2436 seu
942 2400 1065 2436 vivere
1094 2400 1250 2437 credant

108 2461 185 2498 sive
213 2467 384 2497 extrema
413 2461 491 2509 pati
520 2472 591 2498 nec
620 2460 696 2496 iarn
727 2459 906 2497 exaudire
938 2467 1106 2496 vocatos.

1441 751 1501 782 190

1440 1049 1498 1080 195

1439 1347 1499 1368 200

1438 1644 1497 1674 205

1440 1942 1502 1964 210
