1669 2737
117 84 198 116 220
699 81 921 118 AENEIS.

116 202 231 239 quem
258 190 363 239 pueri
392 202 536 239 magno
565 190 604 227 in
635 203 729 240 gyro
759 203 881 228 vacua
910 191 1002 228 atria
1032 190 1175 227 circum

115 250 248 287 intenti
276 249 366 287 ludo
396 257 575 287 exercent
605 249 681 300 (ille
711 257 817 287 actus
848 250 997 287 habena

116 309 276 346 curvatis
304 308 418 346 fertur
446 309 576 357 spatiis
592 322 604 356 3
642 316 768 358 stupet
798 310 918 346 inscia
946 321 1062 358 supra

115 368 367 416 impubesque
397 379 546 413 manus,
576 369 711 406 mirata
739 368 903 405 volubile
932 369 1099 412 buxum3

117 427 208 463 dant
236 428 386 463 animos
416 426 592 477 plagae):
633 439 712 464 non
741 440 853 464 cursu
884 428 1038 476 segnior
1067 426 1130 464 illo

117 497 185 534 per
214 485 358 521 medias
387 486 499 522 urbes
530 486 652 534 agitur
681 486 922 535 populosque
951 485 1110 523 feroces.

118 543 223 590 Quin
252 544 366 581 etiam
395 544 434 580 in
464 544 585 590 silvas,
618 545 792 582 simulato
822 545 980 581 numine
1010 543 1165 589 Bacchi,

117 604 239 640 maius
268 603 401 640 adorta
430 603 536 641 nefas
566 605 825 653 maioremque
855 615 942 641 orsa
971 603 1137 640 furorem

117 662 241 699 evolat
269 669 305 699 et
334 669 464 698 natam
494 661 686 699 frondosis
715 663 909 699 montibus
939 663 1053 707 abdit,

118 733 195 771 quo
225 721 435 759 thalamum
465 722 597 770 eripiat
629 721 788 759 Teucris
818 722 1025 770 taedasque
1055 728 1234 766 moretur,

120 781 244 818 ‘Evoe
275 779 450 818 Bacche’
479 780 658 826 fremens,
689 781 813 818 solum
843 788 879 818 te
908 782 1050 829 virgine
1081 781 1242 829 dignum

118 837 342 887 vociferans,
373 842 514 878 etenim
544 842 677 879 molles
707 843 772 879 tibi
804 854 951 879 sumere
981 842 1141 890 thyrsos,

119 908 153 938 te
182 901 338 938 lustrare
367 900 497 946 choro,
528 913 676 938 sacrum
706 901 771 938 tibi
801 913 956 950 pascere
987 901 1140 937 crinem.

118 960 237 997 Fama
265 960 376 1006 volat,
405 959 584 1009 furiisque
614 972 796 998 accensas
825 968 978 1009 pectore
1008 967 1147 997 matres

117 1021 219 1058 idem
248 1031 383 1057 omnes
414 1021 524 1057 simul
554 1020 666 1057 ardor
695 1021 772 1068 agit
800 1032 901 1057 nova
929 1031 1108 1069 quaerere
1137 1026 1258 1056 tecta:

118 1080 317 1116 deseruere
347 1079 495 1125 domos,
525 1080 646 1116 ventis
676 1080 768 1116 dant
796 1079 894 1116 colla
923 1089 1131 1127 comasque
1146 1091 1158 1125 3

117 1146 174 1177 ast
203 1139 295 1176 aliae
326 1140 493 1176 tremulis
521 1139 724 1176 ululatibus
754 1139 906 1176 aethera
936 1138 1142 1186 complent,

117 1200 419 1249 pampineasque
449 1206 586 1247 gerunt
615 1199 801 1235 incinctae
831 1198 992 1247 pellibus
1022 1198 1159 1235 hastas.

118 1260 208 1309 Ipsa
236 1260 332 1297 inter
360 1259 507 1296 medias
538 1259 762 1307 flagrantem
792 1258 932 1295 fervida
961 1258 1094 1306 pinum

118 1319 278 1356 sustinet
306 1330 351 1355 ac
380 1326 491 1355 natae
522 1317 719 1366 Turnique
749 1317 849 1354 canit
878 1316 1125 1366 hymenaeos,

118 1379 368 1427 sanguineam
398 1385 582 1426 torquens
612 1377 746 1422 aciem,
776 1383 1002 1424 torvumque
1031 1381 1187 1424 repente

118 1437 256 1474 clamat
286 1436 352 1473 ‘Io
382 1444 532 1482 matres,
564 1436 701 1483 audite,
733 1436 796 1472 ubi
826 1447 1011 1484 quaeque,
1043 1434 1226 1471 Latinae:

119 1498 149 1533 si
177 1508 253 1545 qua
281 1497 353 1545 piis
383 1496 519 1533 animis
548 1503 678 1533 manet
707 1495 866 1532 infelicis
895 1495 1057 1531 Amatae

118 1557 250 1605 gratia,
281 1557 311 1593 si
340 1557 428 1593 iuris
458 1557 617 1593 materni
646 1568 734 1593 cura
763 1555 964 1600 remordet,

119 1616 251 1653 solvite
281 1616 440 1653 crinales
470 1617 588 1661 vittas,
620 1617 742 1665 capite
773 1616 880 1664 orgia
909 1613 1082 1652 mecum?

119 1675 256 1712 Talem
287 1676 382 1712 inter
412 1675 535 1719 silvas,
566 1676 661 1712 inter
691 1675 840 1712 deserta
869 1674 1044 1718 ferarum,

118 1736 287 1783 reginam
318 1735 467 1772 Allecto
498 1735 657 1772 stimulis
687 1735 764 1783 agit
793 1734 961 1782 undique
991 1733 1143 1771 Bacchi.

172 1796 380 1845 Postquam
410 1797 487 1833 visa
516 1796 604 1833 satis
633 1796 778 1844 primos
808 1795 955 1832 acuisse
985 1794 1129 1831 furores

118 1856 396 1903 consiliumque
425 1866 658 1903 omnemque
687 1854 847 1890 domum
876 1854 1031 1890 vertisse
1060 1852 1197 1899 Latini,

118 1916 291 1964 protinus
320 1914 408 1951 hinc
438 1914 553 1951 fuscis
582 1914 694 1950 tristis
726 1914 796 1950 dea
825 1913 966 1949 tollitur
995 1913 1062 1949 alis

118 1975 273 2012 audacis
303 1974 433 2011 Rutuli
463 1974 512 2010 ad
539 1985 680 2018 muros,
710 1985 826 2021 quam
855 1973 988 2009 dicitur
1016 1972 1149 2009 urbem

118 2034 351 2071 Acrisioneis
379 2032 515 2070 Danae
544 2032 724 2069 fundasse
754 2032 912 2077 colonis,

117 2093 313 2142 praecipiti
344 2092 466 2129 delata
495 2091 610 2129 Noto.
667 2092 796 2128 Locus
825 2091 954 2128 Ardea
982 2090 1179 2139 quondam

117 2154 240 2190 dictus
269 2153 358 2198 avis,
387 2160 424 2189 et
453 2165 554 2189 nunc
584 2164 769 2200 magnum
800 2159 928 2189 manet
957 2152 1086 2188 Ardea
1115 2162 1268 2197 nomen,

118 2214 185 2252 sed
214 2213 363 2250 fortuna
391 2213 480 2250 fuit:
522 2214 630 2249 tectis
660 2213 720 2249 hic
750 2211 904 2249 Turnus
934 2212 974 2247 in
1003 2211 1086 2248 altis

116 2275 192 2310 iam
222 2273 389 2310 mediam
418 2273 527 2321 nigra
557 2272 736 2321 carpebat
765 2279 879 2309 nocte
908 2270 1086 2320 quietem.

117 2333 263 2370 Allecto
294 2339 439 2368 torvam
469 2331 603 2368 faciem
634 2338 670 2367 et
700 2330 842 2367 furialia
870 2330 1045 2366 membra

116 2392 230 2435 exuit,
260 2392 298 2427 in
327 2391 449 2427 vultus
479 2403 561 2427 sese
591 2389 835 2427 transformat
864 2389 982 2426 aniles
993 2401 1003 2434 ;

117 2459 154 2488 et
182 2450 344 2487 frontem
375 2450 583 2487 obscenam
613 2449 715 2498 rugis
744 2456 834 2495 arat,
864 2449 985 2486 induit
1014 2447 1122 2486 albos

1445 253 1508 293 380

1445 854 1509 886 390

1442 1447 1509 1480 400

1443 1747 1505 1778 405

1441 2047 1505 2078 410

1440 2344 1501 2377 415
