1669 2737
579 76 749 113 LIBER
776 78 854 115 III.
889 72 938 113 18
943 74 1096 126 5-262.

154 184 456 235 exstruimusque
485 191 590 223 toros
620 186 859 236 dapibusque
888 187 1085 235 epulamur
1114 189 1262 236 opimis.

153 243 206 280 At
233 244 379 282 subitae
408 243 585 282 horrifico
614 244 724 295 lapsu
752 246 800 283 de
829 247 1024 283 montibus
1053 247 1191 284 adsunt

153 301 349 351 Harpyiae
377 312 415 341 et
442 304 595 352 magnis
625 305 799 353 quatiunt
828 305 1071 353 clangoribus
1101 306 1190 351 alas,

153 361 407 412 diripiuntque
436 364 556 412 dapes
584 372 841 414 contactuque
870 366 1001 402 omnia
1030 365 1186 402 foedant

151 422 366 468 immundo,
395 431 476 461 tum
504 435 579 460 vox
608 431 771 461 taetrum
800 425 880 462 dira
909 425 1004 462 inter
1033 425 1202 463 odorem.

152 479 321 518 Rursum
348 481 388 518 in
417 494 571 519 secessu
598 482 718 532 longo
749 484 819 520 sub
848 496 942 532 rupe
971 493 1101 521 cavata

151 542 349 580 arboribus
378 543 546 581 clausam
576 543 718 581 circum
747 552 861 593 atque
891 544 1130 582 horrentibus
1159 547 1302 584 umbris

151 602 371 640 instruimus
398 615 553 641 mensas
581 604 732 653 arisque
761 605 983 653 reponimus
1012 606 1165 654 ignem:

149 673 301 698 rursum
330 674 378 699 ex
407 662 554 700 diverso
583 663 678 700 caeli
707 664 908 713 caecisque
937 664 1088 701 latebris

151 722 261 758 turba
289 733 433 759 sonans
461 722 644 771 praedam
672 722 835 771 pedibus
864 723 1110 761 circumvolat
1138 726 1259 770 uncis,

150 779 285 828 polluit
313 792 379 818 ore
408 781 538 829 dapes.
596 780 718 819 Sociis
747 789 837 819 tunc
866 794 972 819 arma
1002 791 1204 831 capessant

151 838 271 885 edico,
300 846 337 877 et
365 839 445 877 dira
472 840 615 877 bellum
644 853 732 878 cum
761 850 875 890 gente
904 842 1126 891 gerendum.

150 897 268 936 Haud
296 910 406 936 secus
435 911 479 936 ac
508 899 599 937 iussi
628 900 784 946 faciunt,
813 909 1011 949 tectosque
1040 914 1107 950 per
1135 902 1292 939 herbam

149 957 358 1006 disponunt
386 970 499 996 enses
528 966 564 996 et
593 966 700 997 scuta
729 960 883 997 latentia
913 961 1095 997 condunt.

148 1016 255 1065 Ergo
283 1017 349 1053 ubi
377 1017 554 1066 delapsae
585 1019 752 1056 sonitum
781 1032 849 1068 per
878 1031 992 1056 curva
1022 1019 1161 1056 dedere

148 1076 267 1123 litora,
298 1076 362 1114 dat
391 1077 543 1126 signum
573 1078 728 1127 specula
757 1078 931 1116 Misenus
961 1078 1009 1115 ab
1039 1079 1114 1115 alta

149 1148 235 1173 aere
264 1148 371 1174 cavo.
429 1137 619 1174 Invadunt
648 1138 741 1175 socii
771 1145 808 1175 et
836 1150 936 1175 nova
965 1138 1110 1186 proelia
1139 1145 1335 1188 temptant,

148 1196 335 1233 obscenas
362 1195 490 1245 pelagi
519 1196 618 1233 ferro
648 1196 802 1234 foedare
832 1197 1016 1235 volucres.

150 1255 226 1292 Sed
253 1267 379 1303 neque
407 1256 483 1292 vim
512 1255 651 1304 plumis
680 1256 796 1293 ullam
826 1269 898 1294 nec
928 1257 1082 1294 vulnera
1110 1263 1218 1306 tergo

149 1315 352 1364 accipiunt,
382 1314 568 1364 celerique
597 1314 689 1364 fuga
718 1316 789 1353 sub
819 1316 941 1353 sidera
971 1316 1101 1365 lapsae

149 1386 337 1412 semesam
365 1374 548 1423 praedam
576 1382 613 1413 et
641 1376 798 1425 vestigia
826 1376 941 1413 foeda
971 1377 1198 1425 relinquunt.

147 1433 238 1470 Una
265 1434 305 1470 in
332 1434 525 1483 praecelsa
554 1434 727 1472 consedit
755 1447 848 1483 rupe
879 1434 1063 1480 Celaeno,

147 1494 276 1531 infelix
303 1500 420 1539 vates,
449 1495 664 1544 rumpitque
693 1494 792 1532 hanc
823 1502 980 1543 pectore
1010 1507 1172 1532 vocem:

149 1553 333 1591 “Bellum
362 1555 476 1591 etiam
505 1566 575 1603 pro
606 1554 723 1591 caede
752 1555 872 1591 boum
902 1554 1103 1602 stratisque
1133 1556 1313 1602 iuvencis,

148 1612 515 1659 Laomedontiadae,
545 1613 738 1651 bellumne
768 1613 905 1650 inferre
935 1614 1074 1662 paratis

148 1681 184 1710 et
212 1673 337 1723 patrio
366 1672 558 1723 Harpyias
587 1673 759 1710 insontes
788 1673 926 1722 pellere
955 1674 1103 1721 regno?

147 1732 320 1781 Accipite
348 1743 440 1780 ergo
470 1732 606 1769 animis
635 1739 750 1780 atque
780 1732 874 1770 haec
903 1744 990 1769 mea
1019 1732 1123 1781 figite
1154 1733 1265 1777 dicta,

148 1803 246 1841 quae
275 1791 433 1829 Phoebo
463 1790 574 1828 Pater
603 1792 860 1841 omnipotens,
891 1791 983 1828 mihi
1013 1791 1193 1829 Phoebus
1224 1793 1367 1842 Apollo

147 1851 345 1900 praedixit,
374 1851 482 1888 vobis
511 1851 711 1888 Furiarum
740 1863 815 1900 ego
845 1851 1014 1888 maxima
1042 1851 1183 1899 pando.

147 1911 296 1949 Italiam
325 1923 436 1949 cursu
464 1911 603 1961 petitis,
632 1911 830 1961 ventisque
860 1912 1005 1949 vocatis

146 1971 248 2008 ibitis
276 1970 425 2007 Italiam
453 1977 661 2020 portusque
690 1971 829 2008 intrare
858 1970 985 2008 licebit
1001 1983 1013 2016 3

148 2030 216 2068 sed
244 2042 325 2067 non
353 2036 442 2066 ante
471 2030 600 2067 datam
629 2030 789 2079 cingetis
818 2031 1022 2067 moenibus
1052 2030 1198 2074 urbem,

146 2101 264 2139 quam
291 2101 360 2127 vos
389 2088 470 2126 dira
497 2089 618 2127 fames
647 2096 877 2138 nostraeque
906 2089 1040 2125 iniuria
1070 2089 1198 2126 caedis

148 2150 324 2187 ambesas
353 2149 504 2198 subigat
532 2149 643 2186 malis
671 2150 872 2186 absumere
901 2147 1089 2185 mensas.''

146 2208 263 2255 Dixit,
293 2216 330 2247 et
358 2209 398 2246 in
426 2209 558 2246 silvam
588 2208 724 2258 pennis
754 2208 880 2244 ablata
909 2207 1055 2256 refugit.

147 2269 199 2306 At
227 2268 339 2306 sociis
368 2269 492 2306 subita
520 2268 668 2317 gelidus
697 2267 900 2304 formidine
929 2267 1085 2315 sanguis

148 2328 329 2377 deriguit:
367 2327 537 2365 cecidere
566 2327 694 2372 animi,
723 2338 794 2363 nec
823 2327 899 2363 iam
928 2326 1091 2374 amplius
1121 2327 1234 2364 armis

148 2388 217 2425 sed
245 2387 342 2424 votis
370 2386 622 2436 precibusque
651 2386 784 2422 iubent
813 2397 1020 2434 exposcere
1050 2397 1196 2434 pacem,

148 2447 224 2484 sive
254 2447 347 2484 deae
376 2458 444 2484 seu
473 2446 546 2483 sint
575 2446 677 2483 dirae
707 2446 976 2494 obscenaeque
1006 2445 1189 2483 volucres.

801 2527 877 2553 ΚΖ

1460 89 1533 131 131

1475 861 1534 892 230

1473 2046 1533 2078 ²55

1473 2333 1534 2363 260
