1669 2737
563 86 730 121 LIBER
760 86 794 120 I.
831 78 1038 134 186-263.

107 197 218 235 Multi
249 203 336 235 ante
365 207 547 235 occasum
578 195 704 232 Maiae
734 207 920 244 coepere;
960 193 1027 231 sed
1056 193 1139 230 illos

106 261 325 303 exspectata
354 266 465 303 seges
494 255 600 292 vanis
630 256 740 292 elusit
769 256 900 294 aristis.

108 313 146 350 Si
176 325 265 350 vero
295 312 506 361 viciamque
536 324 639 349 seres
667 312 856 361 vilemque
885 311 1097 361 phaselum,

106 385 178 410 nec
207 372 427 409 Pelusiacae
457 383 586 408 curam
615 373 869 420 aspernabere
898 372 1020 416 lentis,

106 432 208 469 haud
237 432 400 468 obscura
428 430 569 468 cadens
599 431 723 467 mittet
751 431 817 467 tibi
848 431 959 479 signa
987 430 1154 467 Bootes:

105 491 230 540 incipe
259 498 296 528 et
323 491 373 528 ad
401 490 547 527 medias
576 496 786 527 sementem
816 490 979 527 extende
1008 489 1173 538 pruinas.

159 549 308 587 Idcirco
338 549 448 586 certis
478 549 695 586 dimensum
724 549 894 597 partibus
923 550 1056 586 orbem

105 621 174 657 per
203 608 382 645 duodena
410 608 507 656 regit
534 608 667 644 mundi
697 608 754 645 sol
784 620 918 645 aureus
947 615 1056 645 astra.

109 667 290 716 Quinque
319 674 450 703 tenent
477 666 626 703 caelum
656 678 798 704 zonae:
839 679 1000 715 quarum
1029 679 1106 704 una
1135 678 1295 705 corusco

108 738 258 774 semper
287 726 366 763 sole
394 726 534 763 rubens
563 731 600 762 et
628 726 769 762 torrida
798 738 950 774 semper
978 727 1026 762 ab
1055 727 1155 775 igni;

107 797 222 834 quam
252 785 393 822 circum
422 792 614 821 extremae
644 785 776 822 dextra
804 785 985 833 laevaque
1016 786 1211 822 trahuntur

107 844 313 889 caeruleae,
343 844 464 892 glaeie
494 850 695 881 concretae
723 851 837 892 atque
867 845 1050 882 imbribus
1080 846 1188 891 atris;

106 903 176 941 has
206 904 301 940 inter
328 903 571 951 mediamque
602 903 699 939 duae
729 903 953 940 mortalibus
982 904 1105 952 aegris

107 974 267 999 munere
296 974 503 999 concessae
533 962 673 1006 divum,
704 968 741 998 et
769 963 829 998 via
859 968 962 999 secta
991 975 1060 1011 per
1088 963 1233 1007 ambas,

107 1021 286 1070 obliquus
316 1033 392 1070 qua
421 1033 461 1058 se
491 1021 688 1068 signorum
718 1028 877 1058 verteret
906 1021 1013 1059 ordo.

108 1080 291 1125 Mundus,
322 1086 363 1116 ut
391 1080 440 1117 ad
471 1079 664 1129 Scythiam
694 1079 966 1129 Rhipaeasque
995 1081 1134 1117 arduus
1164 1092 1269 1118 arces

108 1140 313 1188 consurgit,
344 1139 524 1188 premitur
554 1139 697 1187 Libyae
729 1139 895 1177 devexus
924 1140 963 1176 in
994 1146 1153 1177 austros.

108 1198 186 1236 Hic
215 1205 342 1236 vertex
373 1199 485 1236 nobis
515 1211 667 1247 semper
696 1198 890 1244 sublimis;
931 1205 968 1235 at
997 1199 1101 1235 illum

108 1258 179 1295 sub
208 1258 370 1306 pedibus
401 1257 492 1306 Styx
522 1264 602 1294 atra
630 1256 731 1294 videt
760 1256 976 1306 Manesque
1005 1256 1196 1306 profundi.

107 1316 304 1354 Maximus
333 1317 394 1354 hic
423 1316 525 1353 flexu
555 1317 712 1353 sinuoso
742 1316 900 1353 elabitur
928 1318 1077 1365 Anguis

109 1377 250 1414 circum
279 1387 423 1424 perque
452 1375 546 1412 duas
574 1375 614 1411 in
642 1387 790 1412 morem
819 1375 985 1412 fluminis
1015 1376 1166 1422 Arctos,

109 1435 248 1472 Arctos
278 1433 424 1471 Oceani
452 1441 666 1471 metuentes
695 1446 862 1482 aequore
890 1435 991 1482 tingi.

109 1494 201 1539 Illic,
231 1500 272 1531 ut
300 1493 510 1542 perhibent,
541 1499 605 1530 aut
635 1493 863 1541 intempesta
892 1493 974 1531 silet
1002 1505 1079 1530 nox

110 1565 260 1601 semper
289 1559 326 1589 et
355 1552 510 1589 obtenta
539 1552 747 1589 densentur
776 1559 889 1588 nocte
918 1553 1121 1598 tenebrae;

110 1619 173 1649 aut
202 1611 298 1648 redit
328 1624 350 1648 a
378 1611 490 1648 nobis
518 1611 670 1648 Aurora
699 1611 877 1660 diemque
907 1611 1062 1655 reducit,

110 1682 260 1720 nosque
289 1671 354 1707 ubi
383 1670 527 1719 primus
556 1670 664 1718 equis
695 1669 835 1707 Oriens
864 1670 1003 1707 afflavit
1032 1670 1189 1717 anhelis,

111 1729 183 1766 illic
212 1741 295 1766 sera
323 1729 462 1766 rubens
492 1729 668 1766 accendit
695 1729 839 1766 lumina
868 1729 1029 1778 Vesper.

110 1788 201 1825 hinc
229 1795 474 1837 tempestates
504 1788 620 1825 dubio
650 1788 890 1837 praediscere
920 1788 1026 1825 caelo

104 1858 329 1896 possumus,
358 1847 446 1884 hinc
475 1848 687 1895 messisque
717 1847 817 1884 diem
847 1854 1074 1897 tempusque
1104 1847 1266 1894 serendi,

112 1914 150 1943 et
178 1906 334 1954 quando
363 1906 523 1943 infidum
551 1907 666 1943 remis
696 1906 889 1955 impellere
917 1918 1084 1943 marmor

113 1965 326 2010 conveniat,
357 1965 513 2014 quando
543 1970 707 2002 armatas
736 1965 923 2003 deducere
953 1965 1105 2010 classes,

113 2030 177 2061 aut
205 2024 470 2072 tempestivam
498 2024 598 2061 silvis
627 2030 792 2061 evertere
821 2026 966 2073 pinum.

116 2082 199 2121 Nec
228 2083 364 2121 frustra
393 2084 592 2132 signorum
620 2084 746 2121 obitus
775 2084 1017 2132 speculamur
1045 2090 1080 2121 et
1109 2090 1213 2121 ortus

113 2143 425 2192 temporibusque
455 2155 587 2192 parem
618 2143 773 2180 diversis
802 2150 980 2192 quattuor
1008 2155 1164 2179 annum.

168 2201 342 2251 Frigidus
372 2202 579 2251 agricolam
610 2202 640 2239 si
670 2203 825 2251 quando
854 2202 1024 2239 continet
1052 2202 1186 2246 imber,

114 2261 242 2306 multa,
273 2261 398 2298 forent
427 2274 524 2311 quae
554 2273 647 2298 mox
677 2262 784 2298 caelo
813 2260 1054 2309 properanda
1084 2272 1230 2307 sereno,

114 2327 304 2358 maturare
335 2321 468 2358 datur:
509 2321 645 2358 durum
675 2320 849 2370 procudit
878 2327 1002 2357 arator

115 2380 279 2417 vomeris
310 2380 436 2417 obtusi
468 2380 634 2425 dentem,
667 2388 774 2416 cavat
803 2379 937 2415 arbore
965 2379 1105 2424 lintres,

117 2445 181 2476 aut
210 2439 340 2488 pecori
369 2439 523 2486 signum
552 2446 616 2476 aut
646 2450 826 2476 numeros
855 2438 1046 2486 impressit
1074 2438 1227 2477 acerviS.

1441 91 1489 132 31

1435 1096 1496 1125 240

1434 1392 1493 1422 245

1438 1686 1500 1718 ²50

1440 1981 1498 2011 255

1440 2267 1502 2298 260
