1669 2737
136 60 218 101 312
716 61 940 98 AENEJS.

135 163 354 214 spiculaque
383 179 431 204 ex
461 180 596 206 umero
626 181 764 218 parvae
794 170 992 219 suspendit
1020 177 1057 208 et
1085 182 1228 208 arcum.

135 221 209 259 Pro
239 225 368 262 crinali
399 238 504 273 auro,
534 240 604 276 pro
634 229 774 276 longae
803 231 971 278 tegmine
1000 230 1122 278 pallae

136 282 279 330 tigridis
309 286 465 323 exuviae
495 299 562 336 per
591 287 748 325 dorsum
776 301 798 325 a
826 290 964 326 vertice
993 290 1175 337 pendent.

135 340 232 377 Tela
260 354 377 381 manu
406 345 483 381 iam
512 352 592 382 turn
623 353 751 383 tenera
779 348 934 396 puerilia
963 349 1069 385 torsit

134 405 170 437 et
198 400 357 440 fundam
386 404 492 441 tereti
521 405 663 442 circum
693 412 808 455 caput
838 408 915 455 egit
943 407 1094 444 habena

135 459 470 512 Strymoniamque
499 476 634 512 gruem
663 472 727 502 aut
757 466 885 502 album
915 466 1049 503 deiecit
1079 465 1237 504 olorem.

135 519 278 557 Multae
307 521 409 558 illam
439 522 575 560 frustra
605 522 807 572 Tyrrhena
836 536 903 573 per
933 524 1075 574 oppida
1104 510 1245 562 mathes

134 585 312 626 optavere
341 592 505 618 nurum:
547 582 628 619 sola
658 588 838 620 contenta
866 583 992 621 Diana

132 644 329 676 aeternum
358 640 519 677 telorum
549 647 585 678 et
613 641 831 689 virginitatis
859 654 1031 679 amorem

132 696 353 736 intemerata
383 699 482 737 colit.
540 699 688 737 Vellem
718 700 820 737 haud
849 708 1022 751 correpta
1051 702 1183 740 fuisset

132 757 262 795 militia
291 758 364 803 tali,
396 765 534 796 conata
563 758 747 796 lacessere
777 758 976 797 Teucros:

132 828 219 854 cara
248 817 338 854 mihi
369 818 630 866 comitumque
659 818 756 855 foret
784 830 887 856 nunc
915 831 992 857 una
1020 833 1204 858 mearum.

130 875 276 913 Verum
306 889 388 926 age,
419 876 733 927 quandoquidem
762 876 847 915 fatis
877 885 1029 927 urgetur
1058 881 1216 925 acerbis,

130 936 268 982 labere,
299 936 491 985 Nympha,
522 936 612 985 polo
642 936 813 986 finesque
843 937 960 974 invise
990 937 1159 984 Latinos,

130 997 243 1033 tristis
272 997 336 1033 ubi
366 996 532 1033 infausto
562 995 810 1033 committitur
839 997 969 1034 omine
999 1009 1143 1046 pugna.

132 1056 242 1094 Haec
271 1068 365 1105 cape
394 1062 432 1093 et
459 1055 631 1093 ultricem
659 1055 834 1104 pharetra
863 1055 1046 1104 deprome
1075 1057 1274 1105 sagittam:

131 1115 213 1161 hac,
243 1116 474 1166 quicumque
505 1126 656 1153 sacrum
685 1114 831 1152 violarit
861 1115 1014 1152 vulnere
1045 1128 1196 1164 corpus,

132 1175 233 1212 Tros
264 1176 468 1225 Italusque,
498 1174 589 1211 mihi
619 1174 756 1224 pariter
785 1173 849 1211 det
878 1174 1065 1222 sanguine
1094 1186 1253 1223 poenas.

131 1233 223 1271 Post
252 1247 325 1283 ego
355 1235 456 1271 nube
486 1246 577 1272 cava
604 1234 844 1272 miserandae
873 1245 1012 1282 corpus
1041 1241 1078 1271 et
1107 1245 1215 1271 arma

132 1294 332 1343 inspoliata
362 1294 479 1331 feram
510 1294 656 1332 tumulo
686 1294 906 1343 patriaeque
934 1292 1142 1343 reponam!

131 1354 236 1391 Dixit
251 1367 262 1400 3
299 1360 337 1390 at
365 1354 426 1391 illa
453 1354 544 1391 levis
573 1354 667 1391 caeli
697 1353 853 1403 delapsa
882 1366 950 1403 per
980 1365 1089 1391 auras

132 1413 308 1457 insonuit,
338 1414 449 1461 nigro
477 1413 710 1451 circumdata
738 1414 887 1451 turbine
917 1425 1066 1462 corpus.

184 1473 235 1509 At
264 1484 400 1509 manus
430 1473 571 1510 interea
599 1473 715 1510 muris
744 1472 914 1510 Troiana
943 1474 1176 1521 propinquat

132 1531 357 1580 Etruscique
387 1531 504 1569 duces
533 1533 780 1582 equitumque
809 1532 996 1569 exercitus
1025 1532 1163 1577 omnis,

133 1591 334 1639 compositi
363 1603 524 1628 numero
552 1592 592 1628 in
620 1598 772 1629 turmas.
829 1591 971 1628 Fremit
1001 1603 1165 1641 aequore
1195 1597 1278 1629 toto

133 1650 315 1688 insultans
345 1651 499 1699 sonipes
529 1658 565 1688 et
594 1652 734 1700 pressis
763 1658 909 1701 pugnat
937 1651 1096 1688 habenis

133 1710 207 1747 huc
236 1722 441 1748 conversus
470 1717 507 1748 et
534 1710 631 1757 huc;
674 1718 754 1748 tum
784 1711 856 1748 late
886 1710 1026 1747 ferreus
1055 1710 1174 1748 hastis

132 1770 258 1807 horret
287 1782 377 1819 ager
405 1771 608 1820 campique
637 1770 751 1808 armis
779 1769 1003 1806 sublimibus
1033 1769 1177 1806 ardent.

133 1830 216 1867 Nec
246 1841 325 1867 non
354 1829 558 1879 Messapus
588 1836 721 1868 contra
750 1829 966 1878 celeresque
995 1828 1122 1865 Latini

132 1896 168 1926 et
197 1901 284 1925 cum
314 1888 423 1926 fratre
454 1888 573 1927 Coras
603 1895 641 1926 et
669 1889 820 1938 virginis
849 1888 907 1926 ala
937 1887 1123 1925 Camillae

132 1949 277 1986 adversi
306 1960 445 1997 campo
474 1955 659 1998 apparent
686 1948 890 1997 hastasque
920 1946 1086 1984 reductis

132 2007 363 2057 protendunt
392 2007 507 2056 longe
538 2008 677 2046 dextris
706 2014 743 2045 et
771 2006 917 2056 spicula
947 2007 1105 2050 vibrant,

133 2069 392 2117 adventusque
421 2070 542 2107 virum
571 2069 816 2118 fremitusque
845 2068 1007 2105 ardescit
1034 2078 1230 2116 equorum.

133 2129 290 2177 Iamque
320 2129 414 2166 intra
444 2130 583 2167 iactum
611 2129 675 2167 teli
704 2140 927 2178 progressus
956 2135 1116 2176 uterque

132 2188 367 2226 substiterat:
408 2189 532 2226 subito
562 2195 766 2238 erumpunt
795 2188 959 2225 clamore
988 2187 1231 2236 furentesque

132 2247 377 2284 exhortantur
405 2260 548 2297 equos:
587 2248 750 2286 fundunt
779 2247 889 2285 simul
917 2246 1085 2295 undique
1114 2246 1188 2283 tela

132 2307 261 2344 crebra
290 2307 384 2343 nivis
414 2307 485 2344 ritu
515 2307 739 2356 caelumque
770 2307 959 2344 obtexitur
987 2305 1131 2342 umbra.

132 2366 326 2403 Continuo
356 2366 520 2403 adversis
551 2366 772 2415 Tyrrhenus
802 2372 839 2404 et
868 2378 954 2403 acer
983 2365 1179 2402 Aconteus

133 2425 259 2463 conixi
288 2425 482 2463 incurrunt
511 2425 627 2463 hastis
655 2426 842 2475 primique
871 2425 1020 2462 ruinam

1455 188 1515 219 575

1453 769 1513 809 585

1451 1072 1512 1103 590

1451 1368 1511 1400 595

1449 1655 1512 1687 600

1449 1951 1509 1993 605

1447 2252 1510 2283 610
