1669 2737
554 79 721 115 LIBER
750 80 823 115 XI.
858 73 995 128 809-8
1002 74 1068 126 84.

125 204 194 241 per
220 196 354 241 gentes
384 190 452 228 erit
480 195 544 228 aut
573 190 715 227 famam
743 190 896 239 patieris
925 189 1076 226 inultae.

125 250 229 287 Nam
258 250 489 299 quicumque
518 256 625 287 tuum
653 249 803 286 violavit
831 249 982 286 vulnere
1012 260 1162 295 corpus,

124 316 246 347 morte
275 309 352 346 luet
379 309 537 346 merita.'
593 308 679 345 Fuit
707 308 844 357 ingens
874 314 1006 344 monte
1036 307 1106 343 sub
1136 306 1212 344 alto

123 369 223 418 regis
252 368 443 406 Dercenni
471 375 622 405 terreno
650 380 698 404 ex
728 380 867 417 aggere
898 368 1052 404 bustum

124 429 269 478 antiqui
299 427 500 465 Laurentis
529 439 725 476 opacaque
755 427 837 464 ilice
868 432 1032 464 tectum:

123 488 185 526 hic
215 487 286 525 dea
315 499 355 525 se
384 488 550 537 primum
578 486 712 536 rapido
741 486 997 536 pulcherrima
1027 486 1112 522 nisu

123 547 220 585 sistit
248 554 285 585 et
313 547 518 584 Arruntem
548 546 694 583 tumulo
724 545 940 594 speculatur
969 545 1016 581 ab
1047 544 1132 580 alto.

122 607 176 645 Ut
205 607 296 645 vidit
323 606 528 645 laetantem
557 605 693 642 animis
723 617 767 641 ac
796 616 893 641 vana
923 612 1144 648 tumentem,

124 666 250 704 ‘Cur’
279 666 402 716 inquit
431 665 620 703 ‘diversus
649 664 756 701 abis?
798 664 873 700 huc
904 663 1021 710 dirige
1051 674 1233 710 gressum,

123 727 198 765 huc
226 727 391 776 periture
419 724 516 769 veni,
549 723 678 772 capias
706 730 747 759 ut
776 723 892 771 digna
924 720 1107 758 Camillae

122 786 303 835 praemia.
361 784 474 823 Tune
503 783 616 820 etiam
645 781 726 818 telis
755 781 915 818 moriere
944 779 1131 817 Dianae?’

124 845 240 890 Dixit,
271 850 308 881 et
337 849 467 881 aurata
493 841 686 879 volucrem
716 840 897 877 Threissa
926 839 1102 888 sagittam

125 904 361 953 deprompsit
390 903 566 952 pharetra
595 913 790 950 cornuque
820 900 970 937 insensa
999 899 1156 936 tetendit

125 970 163 1001 et
192 964 298 1001 duxit
326 964 453 1012 longe,
482 962 607 999 donec
636 968 787 999 curvata
816 960 963 998 coirent

125 1024 223 1060 inter
251 1035 292 1061 se
321 1023 445 1072 capita
474 1028 511 1059 et
538 1022 715 1058 manibus
744 1020 820 1057 iam
849 1024 1021 1067 tangeret
1050 1019 1190 1067 aequis,

124 1082 231 1119 laeva
259 1082 381 1119 aciem
409 1080 505 1126 ferri,
537 1081 670 1117 dextra
700 1090 892 1128 nervoque
922 1077 1113 1126 papillam.

126 1140 333 1189 Extemplo
362 1139 426 1177 teli
455 1139 654 1176 stridorem
683 1149 868 1187 aurasque
899 1144 1080 1174 sonantes

127 1200 245 1238 audiit
271 1211 349 1237 una
378 1199 537 1245 Arruns,
568 1198 766 1248 haesitque
797 1199 835 1234 in
865 1208 1023 1245 corpore
1054 1195 1201 1232 ferrum.

126 1260 241 1298 Illum
270 1259 527 1309 exspirantem
556 1258 651 1296 socii
679 1265 792 1307 atque
822 1264 991 1295 extrema
1020 1265 1237 1304 gementem

129 1320 235 1357 obliti
262 1320 397 1369 ignoto
427 1331 651 1369 camporum
680 1318 718 1355 in
747 1317 900 1367 pulvere
929 1317 1113 1365 linquunt,

129 1378 228 1429 Opis
257 1379 306 1416 ad
334 1378 543 1417 aetherium
570 1378 707 1428 pennis
736 1377 900 1415 aufertur
930 1375 1151 1425 Olympum.

183 1438 310 1475 Prima
338 1438 431 1487 fugit
461 1438 618 1477 domina
646 1438 786 1475 amissa
813 1437 903 1474 levis
932 1431 990 1472 ala
1021 1433 1144 1471 Camil
1161 1446 1227 1479 ae3

129 1497 268 1534 turbati
296 1496 447 1546 fugiunt
476 1497 618 1543 Rutuli,
649 1497 744 1546 fugit
773 1508 859 1534 acer
887 1495 1024 1531 Atinas

131 1556 351 1606 diSiectique
381 1556 498 1594 duces
527 1557 764 1605 desolatique
793 1554 952 1604 manipli

129 1623 210 1654 tuta
236 1622 370 1666 petunt
399 1622 436 1653 et
464 1617 572 1665 equis
601 1616 720 1653 aversi
749 1615 798 1652 ad
827 1613 979 1651 moenia
1007 1611 1178 1650 tendunt.

131 1675 216 1714 Nec
244 1676 448 1726 quisquam
477 1675 661 1713 instantes
691 1674 864 1711 Teucros
894 1673 1087 1721 letumque
1116 1670 1280 1708 ferentes

131 1741 338 1774 sustentare
366 1734 465 1772 valet
492 1734 574 1772 telis
603 1740 668 1771 aut
696 1734 825 1771 sistere
856 1739 1000 1778 contra,

132 1795 200 1833 sed
228 1795 336 1832 laxos
365 1794 531 1832 referunt
558 1794 698 1831 umeris
727 1793 995 1843 languentibus
1026 1803 1145 1836 arcus,

131 1854 499 1903 quadrupedumque
529 1861 679 1903 putrem
709 1866 820 1891 cursu
851 1853 970 1902 quatit
997 1851 1140 1899 ungula
1170 1861 1362 1899 campum.

131 1912 305 1950 Volvitur
332 1912 383 1950 ad
410 1924 541 1950 muros
571 1912 732 1961 caligine
761 1912 930 1949 turbidus
959 1917 1037 1948 atra

131 1971 265 2021 pulvis,
295 1978 332 2009 et
360 1983 381 2008 e
411 1971 575 2020 speculis
603 1983 805 2021 percussae
836 1977 991 2019 pectora
1019 1974 1160 2006 matres

131 2030 339 2068 femineum
369 2030 574 2068 clamorem
602 2030 651 2067 ad
681 2030 775 2067 caeli
804 2029 928 2066 sidera
955 2028 1101 2066 tollunt.

133 2089 212 2137 Qui
240 2101 352 2127 cursu
378 2096 510 2139 portas
537 2089 649 2139 primi
677 2089 839 2137 irrupere
869 2094 1054 2137 patentes,

131 2149 204 2187 hos
232 2149 386 2187 inimica
413 2161 525 2199 super
552 2149 672 2186 mixto
702 2148 838 2197 premit
867 2147 1019 2196 agmine
1049 2147 1157 2183 turba
1173 2159 1184 2193 ;

132 2221 206 2247 nec
233 2209 412 2246 miseram
440 2208 626 2257 effugiunt
654 2214 830 2251 mortem,
861 2206 930 2243 sed
957 2206 1086 2242 limine
1115 2206 1154 2242 in
1183 2205 1277 2255 ipso,

131 2269 334 2307 moenibus
362 2269 401 2305 in
429 2268 558 2317 patriis
586 2273 700 2316 atque
727 2266 823 2303 inter
850 2272 930 2302 tuta
959 2265 1163 2302 domorum

133 2328 275 2366 confixi
303 2327 495 2377 exspirant
523 2327 681 2363 animas.
739 2325 832 2362 Pars
861 2323 1035 2361 claudere
1063 2330 1216 2372 portas:

132 2398 206 2426 nec
234 2386 348 2425 sociis
377 2386 522 2435 aperire
545 2385 645 2422 viam
674 2396 745 2421 nec
774 2383 976 2421 moenibus
1006 2383 1147 2420 audent

394 2461 464 2502 854.
510 2459 622 2492 Plures
639 2458 734 2491 codd.
753 2461 761 2475 ⁶
773 2458 819 2490 Ut
835 2457 917 2490 vidit
934 2458 1109 2500 fulgentem
1125 2459 1239 2493 armis?

1428 87 1509 127 3¹9

1452 1558 1513 1597 870

1452 2153 1513 2184 880
