1669 2737
157 88 173 116 1
182 75 236 128 56
610 102 613 104 .
744 81 969 117 AENEJS.

154 190 328 238 coniugis
358 188 513 238 antiqui,
545 188 642 226 miro
672 189 778 238 quod
806 190 952 228 honore
983 189 1143 235 colebat,

153 249 351 286 velleribus
379 249 499 285 niveis
529 258 566 286 et
595 248 690 286 festa
718 248 855 286 fronde
883 249 1122 287 revinctum:

153 308 243 346 hinc
271 309 439 346 exaudiri
469 321 584 346 voces
614 316 651 346 et
679 310 794 346 verba
821 310 991 347 vocantis

154 369 232 406 visa
260 369 337 414 viri,
369 380 447 405 nox
478 380 566 405 cum
595 376 712 406 terras
741 370 904 406 obscura
934 376 1088 415 teneret,

155 427 312 477 solaque
342 427 573 465 culminibus
604 427 706 465 ferali
736 429 904 466 carmine
933 429 1038 465 bubo

156 501 270 537 saepe
300 488 406 537 queri
435 495 472 525 et
501 488 638 537 longas
667 489 707 525 in
735 488 867 526 fletum
897 489 1036 526 ducere
1065 500 1190 526 voces.

156 547 356 597 Multaque
386 554 580 596 praeterea
608 554 738 585 vatum
766 548 959 598 praedicta
987 549 1158 597 priorum

157 607 306 644 terribili
336 608 484 644 monitu
514 607 745 645 horrificant.
802 608 895 657 Agit
923 609 1005 657 ipse
1033 607 1224 645 furentem

155 667 194 703 in
224 667 368 704 somnis
398 667 498 704 ferus
528 667 681 705 Aeneas
697 680 709 714 3
749 680 976 717 semperque
1004 667 1165 716 relinqui

158 727 239 764 sola
268 727 349 772 sibi,
381 739 533 775 semper
561 727 719 776 longam
748 728 970 765 incomitata
997 727 1144 764 videtur

158 787 209 823 ire
237 787 336 823 viam
367 793 403 823 et
432 786 573 835 Tyrios
603 787 752 824 deserta
781 799 961 836 quaerere
990 794 1110 824 terra:

157 846 415 884 Eumenidum
444 847 557 884 veluti
587 847 745 884 demens
775 846 876 884 videt
904 847 1059 894 agmina
1088 845 1281 884 Pentheus

158 913 195 942 et
225 905 344 942 solem
374 906 573 953 geminum
602 913 639 943 et
668 906 837 955 duplices
868 918 908 943 se
938 906 1139 943 ostendere
1169 905 1336 951 Thebas,

159 973 223 1003 aut
251 967 585 1014 Agamemnonius
616 967 763 1004 scaenis
793 967 956 1015 agitatus
987 966 1142 1004 Orestes

159 1032 344 1062 armatam
374 1025 520 1063 facibus
549 1033 710 1063 matrem
739 1033 776 1063 et
805 1025 1045 1074 serpentibus
1074 1027 1162 1063 atris

159 1097 247 1123 cum
276 1084 382 1134 fugit,
412 1085 640 1134 ultricesque
669 1085 805 1122 sedent
834 1086 874 1121 in
902 1085 1032 1121 limine
1061 1084 1191 1123 Dirae.

212 1144 317 1193 Ergo
346 1144 411 1181 ubi
441 1146 619 1194 concepit
649 1144 762 1182 furias
792 1144 912 1181 evicta
941 1144 1072 1181 dolore

160 1204 400 1253 decrevitque
429 1206 538 1249 mori,
568 1212 720 1253 tempus
750 1216 882 1241 secum
909 1203 992 1253 ipsa
1020 1202 1258 1253 modumque

160 1263 275 1312 exigit
304 1270 340 1300 et
368 1271 554 1301 maestam
584 1264 694 1301 dictis
723 1275 906 1312 aggressa
935 1275 1108 1301 sororem

161 1322 362 1360 consilium
392 1322 494 1359 vultu
523 1324 615 1372 tegit
644 1335 689 1360 ac
720 1335 831 1372 spem
861 1322 987 1360 fronte
1016 1330 1191 1360 serenat:

162 1381 330 1426 ‘Inveni‚
361 1393 555 1430 germana,
586 1383 687 1419 viam
717 1382 883 1432 (gratare
913 1382 1066 1428 sorori),

162 1453 259 1490 quae
288 1440 379 1476 mihi
409 1441 541 1478 reddat
571 1454 659 1479 eum
687 1442 745 1478 vel
775 1454 823 1479 eo
851 1454 913 1478 me
943 1441 1063 1478 solvat
1092 1448 1297 1479 amantem.

163 1502 308 1539 Oceani
339 1500 455 1538 finem
484 1501 587 1538 iuxta
611 1502 809 1551 solemque
839 1501 1042 1539 cadentem

162 1561 315 1597 ultimus
343 1560 577 1609 Aethiopum
609 1561 716 1598 locus
745 1569 813 1605 est,
843 1561 908 1598 ubi
938 1561 1129 1598 maximus
1158 1560 1265 1599 Atlas

163 1632 274 1657 axem
304 1632 436 1656 umero
467 1627 617 1669 torquet
646 1620 761 1657 stellis
791 1620 1010 1657 ardentibus
1039 1627 1197 1669 aptum:

162 1680 251 1717 hinc
279 1679 371 1715 mihi
402 1679 595 1728 Massylae
623 1680 749 1728 gentis
779 1685 991 1716 monstrata
1019 1679 1212 1724 sacerdos,

164 1739 426 1788 Hesperidum
457 1740 588 1788 templi
617 1747 746 1777 custos
775 1739 985 1788 epulasque
1015 1738 1172 1775 draconi

164 1811 261 1848 quae
291 1798 405 1835 dabat
435 1806 471 1835 et
501 1810 628 1836 sacros
658 1798 831 1836 servabat
858 1798 899 1834 in
927 1798 1064 1834 arbore
1091 1809 1231 1842 ramos,

165 1872 351 1909 spargens
379 1859 508 1896 umida
537 1859 649 1896 mella
678 1858 1006 1908 soporiferumque
1035 1870 1210 1906 papaver.

167 1919 277 1956 Haec
308 1931 348 1956 se
377 1919 607 1956 carminibus
638 1918 823 1967 promittit
852 1917 998 1954 solvere
1027 1924 1176 1954 mentes

167 1991 261 2028 quas
289 1979 387 2024 velit,
417 1985 475 2016 ast
504 1979 585 2016 aliis
615 1979 728 2015 duras
757 1978 959 2014 immittere
989 1988 1109 2022 curas,

167 2039 296 2076 sistere
325 2050 465 2087 aquam
495 2038 615 2075 fluviis
645 2045 682 2075 et
709 2044 852 2074 vertere
883 2035 1006 2073 sidera
1035 2044 1159 2082 ret1·0;

166 2105 452 2146 nocturnosque
482 2104 610 2134 movet
638 2108 795 2133 manes:
834 2096 980 2144 mugire
1009 2095 1154 2132 videbis

167 2157 237 2194 sub
265 2156 426 2205 pedibus
455 2162 594 2194 terram
623 2163 660 2194 et
689 2155 921 2193 descendere
949 2155 1146 2192 montibus
1175 2166 1306 2192 ornos.

165 2216 318 2260 Testor,
348 2228 447 2262 cara,
478 2216 571 2252 deos
601 2223 638 2253 et
665 2221 712 2260 te,
744 2226 940 2263 germana,
971 2221 1154 2262 tuumque

166 2275 276 2313 dulce
304 2282 426 2323 caput,
458 2275 627 2323 magicas
656 2275 812 2311 invitam
841 2274 1031 2321 accingier
1060 2280 1169 2310 artes.

167 2335 231 2372 Tu
260 2341 405 2372 secreta
433 2346 566 2383 pyram
594 2340 695 2371 tecto
726 2333 901 2370 interiore
931 2332 1001 2370 sub
1031 2343 1140 2368 auras

167 2395 279 2443 erige,
310 2400 347 2430 et
375 2405 481 2430 arma
509 2394 586 2438 viri,
616 2393 784 2430 thalamo
815 2404 914 2442 quae
943 2391 1018 2428 fixa
1046 2391 1194 2439 reliquit

167 2454 319 2502 impius,
348 2453 579 2502 exuviasque
609 2465 744 2490 omnes
773 2452 988 2502 lectumque
1018 2450 1193 2500 iugalem,

1481 313 1546 356 460

1481 917 1546 951 470

1483 1218 1546 1251 475

1486 1507 1552 1548 480

1488 1803 1550 1844 485

1489 2110 1553 2142 490

1488 2406 1550 2438 495
