1669 2737
534 86 702 121 LIBER
741 87 781 122 V.
812 90 1025 135 497-574·

89 201 233 232 cratera
260 194 489 244 impressum
519 195 648 245 signis,
678 208 794 245 quem
823 195 1012 233 Thracius
1042 196 1132 232 olim

88 254 280 291 Anchisae
308 255 471 303 genitori
500 255 538 292 in
567 268 711 305 magno
741 268 901 293 munere
932 255 1086 293 Cisseus

87 311 183 350 ferre
213 313 270 350 sui
299 313 454 350 dederat
483 315 763 352 monimentum
793 322 830 352 et
858 315 998 363 pignus
1028 315 1193 352 amoris.'

89 370 151 409 Sic
179 371 277 409 fatus
305 373 422 420 cingit
451 373 625 411 viridanti
655 380 828 423 tempora
857 374 964 411 lauro

88 438 125 467 et
152 431 318 480 primum
348 439 436 469 ante
465 445 600 471 omnes
629 434 813 471 victorem
841 433 1007 482 appellat
1036 433 1216 470 Acesten.

87 489 172 528 Nec
200 491 326 529 bonus
355 491 542 542 Eurytion
572 493 742 542 praelato
772 493 904 530 invidit
933 493 1083 538 honori,

86 550 259 598 quamvis
288 550 390 588 solus
419 564 527 589 avem
556 552 663 589 caelo
694 553 829 590 deiecit
858 553 906 589 ab
936 552 1023 589 alto.

88 608 290 646 Proximus
319 610 528 659 ingreditur
559 611 670 649 donis
700 612 763 661 qui
794 612 942 648 vincula
970 612 1080 661 rupit,

87 675 278 706 extremus
307 670 448 708 volucri
476 671 540 720 qui
569 671 649 708 fixit
678 671 890 709 harundine
919 671 1074 709 malum.

140 728 193 765 At
220 736 327 778 pater
356 731 507 767 Aeneas
536 730 710 767 nondum
739 730 944 767 certamine
973 731 1092 767 misso

87 789 286 825 custodem
315 789 364 826 ad
393 801 476 827 sese
505 790 761 839 comitemque
790 790 957 839 impubis
986 789 1057 826 Iuli

86 845 279 897 Epytiden
307 855 428 894 vocat,
458 855 495 886 et
523 849 638 886 fidam
669 850 720 886 sic
751 849 848 885 fatur
876 849 925 886 ad
954 861 1106 886 aurern:

87 905 221 944 ‘Vade
249 919 321 956 age
350 914 386 944 et
413 908 593 953 Ascanio,
623 908 654 945 si
683 908 759 945 iam
788 908 929 956 puerile
958 915 1132 956 paratum

86 978 227 1015 agmen
256 966 370 1004 habet
400 979 531 1004 secum
560 979 767 1016 cursusque
797 967 972 1004 instruxit
1001 979 1199 1016 equorum,

86 1025 200 1063 ducat
227 1037 298 1063 avo
328 1033 470 1063 turmas
500 1033 536 1063 et
565 1038 648 1063 sese
677 1025 853 1064 ostendat
882 1026 920 1062 in
950 1027 1065 1063 armis

87 1084 167 1122 dic'
196 1085 258 1123 ait.
315 1085 405 1134 Ipse
433 1097 591 1122 omnem
619 1086 738 1134 longo
768 1085 963 1123 discedere
993 1086 1093 1123 circo

86 1144 253 1182 infusum
280 1145 467 1194 populum
496 1151 532 1182 et
561 1156 720 1193 campos
748 1144 852 1182 iubet
880 1157 963 1182 esse
993 1151 1176 1193 patentes.

86 1203 276 1241 Incedunt
304 1203 421 1253 pueri,
449 1204 664 1252 pariterque
693 1210 781 1240 ante
810 1216 877 1240 ora
905 1211 1108 1252 parentum

87 1263 242 1301 frenatis
270 1263 397 1300 lucent
426 1263 466 1300 in
495 1264 614 1312 equis,
645 1275 741 1311 quos
771 1263 897 1300 omnis
926 1270 1060 1300 euntes

86 1322 311 1360 Trinacriae
339 1322 473 1359 mirata
502 1322 624 1359 fremit
655 1321 873 1371 Troiaeque
904 1322 1087 1359 iuventus.

88 1381 281 1420 Omnibus
308 1381 348 1418 in
377 1393 525 1418 morem
553 1388 667 1418 tonsa
695 1392 808 1417 coma
836 1393 967 1430 pressa
997 1393 1140 1419 corona
1154 1396 1164 1428 3

87 1453 230 1479 cornea
258 1441 348 1478 bina
375 1440 500 1477 ferunt
528 1441 698 1489 praefixa
725 1439 871 1477 hastilia
899 1440 1010 1487 ferro,

87 1512 176 1549 pars
205 1500 306 1537 leves
335 1511 468 1536 umero
498 1499 718 1548 pharetras;
757 1499 785 1536 it
813 1506 968 1548 pectore
999 1512 1151 1538 summo

87 1559 222 1596 flexilis
251 1559 392 1596 obtorti
420 1571 489 1607 per
517 1559 658 1596 collum
687 1558 846 1596 circulus
877 1559 967 1596 auri.

87 1617 186 1655 Tres
215 1618 385 1666 equitum
415 1629 574 1655 numero
604 1624 749 1655 turmae
778 1618 951 1667 ternique
980 1624 1166 1667 vagantur

88 1677 287 1724 ductores;
326 1678 433 1726 pueri
462 1677 520 1714 bis
549 1678 631 1714 seni
661 1689 853 1727 quemque
883 1677 1004 1715 secuti

89 1737 243 1785 agmine
271 1737 410 1785 partito
440 1736 586 1785 fulgent
614 1737 844 1786 paribusque
874 1737 1076 1786 magistris.

88 1795 179 1833 Una
206 1795 305 1833 acies
335 1795 525 1842 iuvenum,
556 1795 659 1832 ducit
688 1808 804 1844 quam
832 1808 970 1845 parvus
999 1802 1179 1833 ovantem

88 1867 233 1892 nomen
261 1854 319 1892 avi
348 1854 515 1892 referens
545 1853 730 1900 Priamus,
761 1861 825 1892 tua
854 1867 953 1900 cara,
983 1855 1116 1899 Polite,

89 1914 305 1964 progenies,
335 1921 491 1951 auctura
520 1913 658 1960 Italos3
699 1926 815 1964 quem
844 1914 1033 1952 Thracius
1062 1914 1157 1952 albis

89 1981 214 2024 portat
242 1985 364 2023 equus
393 1972 540 2010 bicolor
567 1973 737 2018 maculis,
767 1973 924 2022 vestigia
953 1974 1063 2022 primi

90 2033 177 2070 alba
204 2032 313 2082 pedis
341 2031 586 2082 frontemque
615 2040 812 2069 ostentans
840 2033 981 2070 arduus
1010 2033 1147 2069 albam.

90 2092 196 2129 Alter
224 2093 330 2141 Atys,
359 2103 482 2140 genus
511 2092 614 2129 unde
642 2092 719 2129 Atii
750 2092 891 2130 duxere
920 2092 1057 2137 Latini,

90 2163 228 2200 parvus
257 2152 354 2199 Atys
380 2162 577 2200 pueroque
605 2163 700 2200 puer
730 2151 888 2189 dilectus
916 2151 1011 2189 Iulo.

90 2210 295 2248 Extremus
325 2210 523 2259 formaque
552 2217 640 2248 ante
669 2222 806 2248 omnes
834 2210 991 2260 pulcher
1020 2210 1124 2247 Iulus

92 2270 252 2307 Sidonio
283 2277 338 2307 est
366 2269 535 2307 invectus
564 2282 677 2320 equ0‚
708 2282 824 2319 quem
853 2269 1016 2307 candida
1045 2269 1148 2306 Dido

91 2341 174 2366 esse
203 2329 259 2365 sui
289 2328 442 2365 dederat
470 2330 754 2367 monimentum
783 2336 820 2366 et
849 2329 989 2378 pignus
1019 2330 1173 2367 amoris.

92 2387 229 2426 Cetera
259 2387 465 2426 Trinacriis
493 2388 615 2438 pubes
645 2388 805 2426 senioris
834 2388 997 2426 Acestae

91 2447 206 2485 fertur
234 2447 351 2496 equis.

145 2529 230 2556 VOL-
251 2529 275 2554 Ι.
773 2531 797 2558 Ν

1397 93 1471 134 Ι77

1413 449 1474 479 540

1411 745 1472 776 545

1410 1042 1474 1073 55Ο

1410 1340 1471 1370 555

1414 1922 1475 1963 565

1414 2227 1477 2261 570
