1669 2737
126 94 210 136 324
698 86 923 123 AENEIS.

180 194 264 233 Nec
292 195 419 232 minus
449 195 593 232 interea
621 194 805 232 maternis
835 206 968 233 saevus
997 195 1036 232 in
1065 195 1180 234 armis

126 256 279 293 Aeneas
308 255 408 292 acuit
438 254 603 291 Martem
631 261 669 292 et
697 266 737 291 se
768 255 922 291 suscitat
950 255 1017 301 ira,

127 315 255 352 oblato
283 314 454 363 gaudens
484 314 668 362 componi
699 313 851 350 foedere
879 313 1033 350 bellum.

127 374 231 411 Tum
263 374 390 410 socios
419 373 631 421 maestique
660 380 806 409 metum
837 373 977 410 solatur
1007 372 1090 417 Iuli,

126 433 204 470 fata
233 432 388 478 docens,
418 433 575 481 regique
604 432 706 468 iubet
734 443 919 480 responsa
947 431 1087 468 Latino

127 499 229 529 certa
257 490 392 528 referre
422 491 521 528 viros
550 497 587 527 et
616 491 722 539 pacis
752 490 878 527 dicere
906 490 1021 539 leges.

181 551 342 589 Postera
370 551 431 587 vix
462 561 633 587 summos
663 550 867 598 spargebat
896 549 1038 586 lumine
1068 556 1222 587 montes

129 619 212 649 orta
241 610 333 654 dies,
364 621 452 646 cum
482 609 650 657 primurn
679 608 756 645 alto
785 620 826 646 se
855 609 1003 657 gurgite
1033 608 1170 646 tollunt

128 671 219 708 solis
248 669 335 718 equi
364 668 565 716 lucemque
594 668 700 704 elatis
730 668 885 705 naribus
915 667 1066 705 efflant:

127 743 309 781 campum
338 730 386 767 ad
417 737 610 766 certamen
639 740 805 777 magnae
835 729 906 765 sub
934 729 1136 766 moenibus
1165 728 1268 765 urbis

128 793 292 830 dimensi
322 790 529 839 Rutulique
558 790 624 826 viri
654 790 873 838 Teucrique
903 790 1098 838 parabant,

127 851 167 887 in
196 850 402 898 medioque
432 849 542 886 focos
572 853 609 884 et
637 847 694 885 dis
725 848 994 884 communibus
1023 860 1107 885 aras

127 910 355 958 gramineas,
387 907 447 945 alii
476 907 700 955 fontemque
730 907 937 955 ignemque
967 906 1148 952 ferebant,

126 971 238 1008 velati
266 970 357 1007 limo
387 977 422 1006 et
451 969 617 1006 verbena
645 975 820 1017 tempora
848 967 971 1004 vincti.

127 1030 305 1067 Procedit
334 1029 435 1077 legio
464 1027 721 1072 Ausonidum,
752 1027 944 1077 pilataque
973 1026 1095 1075 plenis

127 1090 285 1137 agmina
313 1100 353 1124 se
383 1087 545 1123 fundunt
574 1087 703 1135 portis.
763 1086 868 1124 Hinc
898 1086 1044 1123 Troi'us
1073 1085 1200 1123 omnis

128 1149 426 1198 Tyrrhenusque
456 1147 528 1183 ruit
556 1147 666 1183 variis
697 1147 884 1184 exercitus
915 1145 1039 1191 armis,

128 1207 231 1245 haud
259 1218 369 1244 secus
397 1206 566 1243 instructi
595 1205 706 1251 ferro,
738 1218 853 1254 quam
883 1205 913 1242 si
943 1216 1077 1253 aspera
1107 1204 1241 1242 Martis

128 1282 260 1318 pugna
288 1274 420 1314 vocet;
460 1280 532 1305 nec
562 1280 642 1305 non
671 1267 807 1304 mediis
836 1267 875 1304 in
904 1266 1067 1303 millibus
1097 1266 1169 1316 ipsi

129 1329 308 1365 ductores
337 1339 429 1364 auro
459 1327 615 1364 volitant
645 1334 825 1376 ostroque
855 1326 1019 1375 superbi,

129 1394 166 1425 et
194 1400 317 1436 genus
346 1387 524 1424 Assaraci
555 1386 782 1423 Mnestheus
813 1391 849 1422 et
879 1385 986 1422 fortis
1015 1384 1141 1422 Asilas

130 1454 166 1484 et
194 1446 397 1495 Messapus
427 1457 569 1495 equum
601 1445 777 1490 domitor,
810 1444 1005 1493 Neptunia
1033 1444 1171 1493 proles.

129 1503 258 1554 thue
291 1506 381 1542 dato
412 1506 523 1553 signo
553 1504 674 1553 spatia
703 1504 742 1540 in
773 1515 843 1540 sua
871 1504 1033 1551 quisque
1063 1503 1228 1547 recessit,

130 1562 302 1611 defigunt
331 1561 460 1598 tellure
491 1561 620 1597 hastas
650 1567 685 1597 et
716 1567 823 1598 scuta
852 1560 1047 1598 reclinant.

129 1620 235 1658 Tum
264 1620 390 1657 studio
420 1619 562 1656 effusae
591 1626 730 1656 matres
761 1625 798 1656 et
827 1619 962 1667 vulgus
990 1619 1179 1655 inermum

129 1679 359 1728 invalidique
389 1690 498 1716 senes
527 1685 646 1716 turres
676 1690 720 1715 ac
749 1684 850 1715 tecta
879 1678 1085 1715 domorum

130 1739 329 1783 obsedere,
359 1737 419 1776 alii
449 1739 567 1788 portis
598 1738 821 1775 sublimibus
852 1742 987 1774 astant.

183 1799 234 1835 At
262 1798 362 1834 Iuno
391 1809 412 1834 e
443 1809 605 1843 summo,
637 1797 701 1845 qui
730 1808 834 1833 nune
863 1795 1038 1832 Albanus
1067 1794 1227 1832 habetur

129 1858 227 1908 (tum
256 1869 381 1905 neque
410 1868 554 1894 nornen
583 1863 662 1893 erat
691 1867 762 1892 nec
792 1856 919 1892 honos
948 1862 1012 1890 aut
1040 1854 1160 1902 gloria
1189 1853 1338 1904 monti),

128 1916 366 1966 prospiciens
397 1915 543 1953 tumulo
572 1927 753 1964 eampum
784 1913 1005 1963 aspectabat
1033 1919 1070 1949 et
1098 1914 1233 1950 ambas

129 1975 362 2013 Laurentum
393 1974 618 2023 Troumque
648 1975 748 2012 acies
778 1974 990 2021 urbemque
1019 1971 1156 2009 Latini.

128 2034 335 2083 Extemplo
365 2034 486 2071 Turni
516 2035 568 2071 sic
599 2041 654 2071 est
682 2033 798 2071 affata
828 2043 999 2069 sororem

129 2095 216 2131 diva
244 2094 366 2138 deam,
397 2094 540 2142 stagnis
571 2106 668 2142 quae
697 2092 993 2139 fluminibusque
1024 2090 1173 2128 sonoris

128 2153 318 2201 praesidet
347 2152 465 2202 <hunc
495 2153 545 2189 illi
573 2165 640 2190 rex
669 2151 829 2189 aetheris
859 2151 955 2187 altus
984 2149 1174 2186 honorem

129 2212 300 2260 Iuppiter
329 2217 458 2259 erepta
489 2222 558 2260 pro
588 2211 800 2259 virginitate
830 2209 1027 2259 sacravit):

130 2268 346 2318 ‘Nympha‚
376 2268 492 2305 decus
521 2268 735 2313 fluviorum,
765 2268 894 2304 animo
922 2267 1137 2316 gratissima
1167 2275 1312 2313 nostr0‚

129 2328 204 2365 scis
232 2334 273 2364 ut
301 2334 337 2363 te
367 2327 514 2364 cunctis
544 2339 672 2370 unam,
702 2338 966 2376 quaecumque
995 2326 1155 2364 Latinae

129 2386 365 2436 magnanimi
394 2385 496 2422 Iovis
525 2386 716 2435 ingratum
747 2385 951 2423 ascendere
982 2385 1118 2430 cubile,

649 2468 720 2491 120.
767 2459 861 2492 MSS.
886 2458 993 2492 ‘lin0.‘

1455 387 1516 410 110

1456 681 1514 712 115

1458 980 1518 1002 120

1457 1278 1515 1309 125

1457 1575 1517 1605 130

1455 1869 1512 1900 135

1454 2165 1516 2194 140
