1669 2737
142 59 223 101 266
716 67 940 103 AENEIS.

140 173 295 211 Turnus
324 174 411 224 Ityn
440 174 707 225 Cloniumque,
737 176 975 227 Dioxippum
1003 177 1302 227 Promolumque

140 240 178 270 et
207 233 379 282 Sagarim
408 240 446 271 et
474 235 632 272 summis
663 243 826 274 stantem
856 250 925 286 pro
954 237 1115 274 turribus
1145 236 1254 281 Idan,

141 291 361 329 Privernum
391 292 531 342 Capys.
587 293 705 332 Hunc
734 297 858 344 primo
887 296 977 333 levis
1005 295 1113 332 hasta
1141 294 1354 332 Themillae

141 352 361 389 strinxerat:
403 352 463 390 ille
491 365 648 391 manum
678 355 850 403 proiecto
878 356 1046 404 tegmine
1077 354 1236 391 demens

141 412 190 449 ad
217 412 351 449 vulnus
379 412 460 450 tulit
475 426 486 459 3
523 425 614 462 ergo
645 414 712 451 alis
740 415 883 464 allapsa
912 415 1046 464 sagitta

140 478 177 507 et
205 471 310 508 laevo
340 471 452 508 affixa
480 478 536 509 est
563 472 667 509 lateri
697 485 842 518 manus,
874 473 1076 523 abditaque
1105 474 1205 510 intus

140 530 371 577 spiramenta
400 531 548 568 animae
577 531 675 568 letali
704 532 858 569 vulnere
887 533 996 580 rupit.

142 588 273 625 Stabat
302 590 341 625 in
369 590 531 638 egregiis
560 590 736 628 Arcentis
765 590 860 628 filius
889 592 1014 636 armis,

139 647 263 696 pictus
292 659 362 685 acu
392 648 632 697 chlamydem
661 655 698 686 et
727 648 915 697 ferrugine
944 650 1066 687 clarus
1096 649 1252 694 Hibera,

139 707 299 755 insignis
328 707 434 752 facie,
464 708 612 756 genitor
640 720 755 757 quem
784 709 938 746 miserat
966 710 1123 754 Arcens,

139 766 319 803 eductum
346 767 475 804 matris
503 766 589 804 luco
621 766 840 816 Symaethia
869 769 1010 806 circum

139 824 306 870 fiumina,
336 825 488 874 pinguis
517 825 581 862 ubi
610 832 646 862 et
674 825 867 874 placabilis
896 839 961 864 ara
989 827 1127 866 Palici:

139 884 359 921 stridentem
388 884 547 922 fundam
575 885 708 933 positis
737 885 950 923 Mezentius
979 886 1095 924 hastis

139 944 221 992 ipse
249 951 304 981 ter
334 943 495 981 adducta
525 944 665 981 circum
694 952 808 994 caput
836 946 914 994 egit
941 945 1100 991 habena,

139 1010 176 1039 et
204 1002 329 1040 media
358 1002 503 1040 adversi
532 1003 737 1052 liquefacto
767 1011 941 1053 tempora
969 1004 1127 1053 plumbo

139 1061 282 1106 diffidit,
311 1074 356 1099 ae
385 1062 503 1099 multa
531 1070 748 1112 porrectum
778 1063 947 1100 extendit
976 1063 1128 1101 harena.

191 1120 296 1158 Tum
325 1121 491 1170 primum
518 1121 618 1159 bello
648 1122 810 1159 celerem
838 1122 1045 1159 intendisse
1073 1122 1249 1171 sagittam

138 1181 282 1225 dicitur,
312 1187 399 1217 ante
427 1180 525 1218 feras
554 1181 685 1218 solitus
714 1189 850 1218 terrere
880 1181 1048 1230 fugaces,

137 1240 326 1278 Ascanius
356 1239 569 1290 fortemque
597 1253 714 1278 manu
745 1241 886 1278 fudisse
916 1240 1149 1287 Numanum,

138 1300 198 1337 cui
227 1299 393 1336 Remulo
422 1311 643 1349 cognomen
671 1307 760 1346 erat,
791 1300 989 1350 Turnique
1018 1301 1206 1338 minorem

137 1370 361 1407 germanam
390 1370 511 1407 nuper
539 1358 708 1396 thalamo
737 1360 904 1397 sociatus
933 1359 1107 1397 habebat.

137 1417 176 1456 Is
205 1418 367 1466 primam
396 1424 483 1455 ante
511 1419 633 1455 aciem
663 1419 781 1467 digna
810 1425 923 1468 atque
952 1419 1110 1468 indigna
1139 1419 1256 1457 relatu

136 1477 347 1515 vociferans
377 1477 619 1526 tumidusque
649 1490 751 1516 novo
780 1479 1005 1527 praecordia
1034 1490 1153 1527 regno

137 1538 215 1574 ibat
243 1544 279 1574 et
308 1538 505 1585 ingentem
536 1549 620 1574 sese
650 1537 816 1574 clamore
846 1538 1014 1575 ferebat:

139 1595 254 1633 ‘Non
283 1596 401 1645 pudet
429 1594 630 1633 obsidione
658 1596 793 1633 iterum
821 1596 995 1645 valloque
1023 1598 1153 1641 teneri,

137 1655 195 1692 bis
225 1655 325 1703 capti
354 1654 534 1704 Phryges,
564 1661 602 1691 et
629 1655 741 1691 morti
772 1655 1019 1704 praetendere
1048 1655 1208 1692 muros?

138 1714 198 1750 En
228 1714 293 1762 qui
323 1720 453 1751 nostra
483 1713 554 1750 sibi
582 1712 682 1750 bello
713 1714 879 1750 conubia
907 1716 1095 1762 poscunt!

138 1773 236 1819 Quis
267 1773 361 1810 deus
390 1772 550 1816 Italiam,
580 1783 679 1821 quae
708 1783 776 1809 vos
806 1771 999 1809 dementia
1027 1772 1179 1821 adegit?

139 1832 231 1869 Non
260 1831 320 1869 hic
349 1831 507 1869 Atridae
535 1842 608 1868 nec
637 1830 742 1867 fandi
771 1830 880 1868 fictor
908 1830 1061 1868 Ulixes:

139 1891 275 1928 durum
305 1903 327 1928 a
355 1891 471 1939 stirpe
501 1901 622 1939 genus
651 1896 764 1927 natos
793 1890 841 1927 ad
869 1889 1027 1927 flumina
1054 1891 1222 1939 primum

139 1951 343 1988 deferimus
373 1960 564 1998 saevoque
592 1948 680 1997 gelu
710 1949 891 1986 duramus
918 1956 955 1986 et
983 1949 1105 1986 undis.

138 2009 292 2046 Venatu
319 2008 517 2056 invigilant
544 2008 651 2058 pueri
680 2008 867 2057 silvasque
895 2007 1067 2056 fatigant,

140 2068 290 2106 flectere
318 2068 429 2106 ludus
455 2079 579 2118 equos
606 2073 645 2105 et
672 2067 818 2117 spicula
846 2067 1002 2105 tendere
1030 2079 1160 2105 cornu.

140 2128 193 2165 At
221 2128 370 2177 patiens
400 2139 560 2176 operum
589 2139 784 2176 parvoque
813 2133 964 2164 assueta
991 2126 1165 2163 iuventus

141 2194 205 2224 aut
233 2187 360 2224 rastris
390 2193 527 2224 terram
558 2186 688 2223 domat
717 2192 781 2224 aut
810 2186 929 2235 quatit
957 2185 1101 2234 oppida
1129 2184 1241 2222 bello.

141 2245 269 2283 Omne
299 2257 435 2282 aevum
466 2245 564 2282 ferro
594 2245 734 2290 teritur,
764 2256 946 2294 versaque
975 2244 1178 2281 iuvencum

141 2311 248 2354 terga
276 2305 479 2354 fatigamus
508 2304 637 2350 hasta;
679 2316 750 2342 nec
780 2304 887 2341 tarda
916 2309 1092 2341 senectus

144 2364 311 2401 debilitat
339 2365 434 2401 vires
464 2364 579 2401 animi
610 2370 806 2412 mutatque
835 2363 1029 2411 vigorem:

144 2423 320 2460 canitiem
349 2423 458 2471 galea
487 2423 705 2471 premimus,
736 2433 963 2472 semperque
991 2430 1161 2459 recentes

1455 249 1518 282 575

1457 537 1521 577 580

1458 831 1517 871 585

1457 1136 1520 1167 59Ο

1457 1433 1518 1465 595

1459 1718 1521 1751 603

1458 2011 1519 2053 605

1458 2306 1523 2339 610
