1669 2737
572 57 738 92 LIBER
766 58 840 94 IX.
873 60 894 104 7
901 50 1081 107 30-7806.
1428 59 1503 101 271

129 165 284 216 Lyncea
311 167 534 205 tendentem
561 172 696 204 contra
724 165 927 214 sociosque
956 171 1156 203 vocantem

128 227 285 264 vibranti
313 227 442 276 gladio
471 225 632 264 conixus
661 225 710 262 ab
739 237 878 274 aggere
907 225 1038 262 dexter

128 291 292 335 occupat
320 284 424 335 (huic
452 296 532 322 uno
562 284 752 322 deiectum
781 284 996 321 comminus
1025 284 1099 321 ictu
1450 294 1509 326 πο

127 356 216 382 cum
243 344 354 394 galea
382 344 498 393 longe
525 343 638 381 iacuit
666 341 796 392 caput)
811 355 821 389 ;
861 343 949 380 inde
978 342 1140 380 ferarum

127 409 355 441 vastatorem
384 404 589 452 Amycum,
622 412 701 450 quo
730 413 811 438 non
839 401 983 439 felicior
1010 401 1102 438 alter

127 473 271 511 ungere
299 462 373 499 tela
400 473 519 498 manu
547 460 763 509 ferrumque
793 472 938 498 armare
966 473 1127 506 veneno,

127 527 166 558 et
194 520 361 569 Clytium
389 520 578 558 Aeoliden
607 526 644 557 et
673 520 838 557 amicum
868 519 1033 557 Crethea
1062 519 1198 564 Musis,

128 579 293 617 Crethea
322 579 521 617 Musarum
549 579 741 625 comitem,
772 580 832 617 cui
862 579 1034 616 carmina
1062 591 1213 627 semper
1448 590 1505 622 775

128 646 165 676 et
193 639 358 676 citharae
387 638 493 676 cordi
521 650 778 687 numerosque
806 638 1002 675 intendere
1032 638 1176 683 nervis;

128 709 279 747 semper
306 709 426 747 equos
454 704 568 747 atque
597 709 702 734 arma
730 697 851 734 virum
882 708 1108 746 pugnasque
1138 696 1309 733 canebat.

181 755 359 793 Tandem
390 756 567 794 ductores
595 756 722 794 audita
751 756 868 794 caede
896 767 1052 793 suorum

127 817 359 854 conveniunt
387 815 538 862 Teucri,
569 815 796 853 Mnestheus
826 827 989 864 acerque
1019 816 1202 861 Serestus,

126 876 374 925 palantesque
402 875 531 913 vident
558 875 686 913 socios
713 875 940 925 hostemque
969 882 1176 924 receptum.
1445 878 1506 917 780

127 935 178 973 Et
205 935 429 974 Mnestheus
458 935 572 982 ‘Quo
602 934 740 972 deinde
770 934 910 983 fugam,
940 947 1017 984 quo
1046 934 1240 972 tenditis?’
1278 933 1408 983 inquit,

130 999 250 1044 ‘quos
278 995 374 1033 alios
403 1007 545 1040 muros,
574 1006 673 1043 quae
701 994 777 1030 iam
806 994 901 1030 ultra
929 994 1082 1031 moenia
1110 993 1281 1031 habetis?

126 1053 237 1092 Unus
265 1054 386 1091 homo
415 1062 451 1091 et
479 1054 621 1099 vestris,
652 1065 677 1090 o
707 1053 817 1099 cives,
849 1053 1018 1102 undique
1047 1058 1199 1101 saeptus

126 1113 331 1162 aggeribus
359 1120 483 1150 tantas
513 1120 659 1161 strages
688 1112 845 1162 impune
875 1125 942 1161 per
970 1113 1105 1149 urbem

127 1172 309 1210 ediderit?
346 1173 525 1209 iuvenum
553 1173 698 1221 primos
726 1178 783 1209 tot
810 1172 952 1209 miserit
981 1170 1112 1210 Orco?
1445 1175 1503 1215 785

126 1243 207 1269 non
234 1231 394 1269 infelicis
422 1231 564 1280 patriae
592 1237 839 1280 veterumque
868 1230 1026 1268 deorum

126 1298 163 1328 et
190 1291 321 1341 magni
349 1291 516 1335 Aeneae,
546 1302 696 1339 segnes,
725 1290 954 1340 miseretque
982 1289 1224 1340 pudetque?'

125 1350 285 1388 Talibus
314 1350 466 1388 accensi
494 1349 689 1386 firmantur
717 1356 754 1386 et
782 1349 935 1397 agmine
966 1350 1086 1388 denso

125 1411 347 1448 consistunt.
405 1409 561 1447 Turnus
590 1408 773 1458 paulatim
802 1409 986 1446 excedere
1015 1422 1145 1459 pugna

126 1477 164 1506 et
191 1469 346 1507 fluvium
374 1475 502 1519 petere
532 1480 577 1506 ac
606 1474 764 1518 partem,
795 1480 892 1517 quae
922 1468 1086 1517 cingitur
1114 1469 1238 1514 unda;
1443 1480 1504 1512 790

125 1529 246 1566 acrius
275 1529 350 1566 hoc
379 1527 520 1565 Teucri
548 1528 714 1565 clamore
743 1527 965 1565 incumbere
995 1540 1138 1576 magno

124 1594 162 1624 et
189 1587 401 1635 glomerare
430 1597 598 1623 manum.
655 1585 737 1624 Ceu
767 1598 920 1623 saevum
948 1587 1058 1623 turba
1085 1586 1237 1624 leonem

124 1658 213 1684 cum
241 1646 323 1684 telis
351 1646 489 1694 premit
518 1645 688 1691 infensis,
719 1652 757 1682 at
785 1646 933 1682 territus
962 1645 1034 1691 ille,

125 1716 246 1754 asper,
275 1706 414 1742 acerba
441 1712 564 1750 tuens,
593 1711 692 1741 retro
721 1703 826 1750 redit,
858 1712 894 1741 et
922 1716 1048 1754 neque
1076 1712 1183 1754 terga

124 1764 178 1801 ira
206 1764 295 1801 dare
324 1770 388 1801 aut
416 1764 531 1801 virtus
560 1763 710 1812 patitur,
740 1774 812 1800 nec
841 1763 995 1800 tendere
1025 1771 1157 1800 contra
1442 1775 1498 1807 795

123 1822 183 1860 ille
212 1823 367 1872 quidem
395 1823 471 1860 hoc
500 1823 659 1872 cupiens
688 1822 789 1871 potis
818 1829 874 1859 est
897 1825 971 1870 per
1001 1822 1075 1859 tela
1103 1823 1305 1869 virosque:

123 1881 225 1920 haud
253 1882 358 1919 aliter
386 1888 485 1919 retro
515 1881 653 1919 dubius
681 1881 838 1930 vestigia
866 1880 1022 1919 Turnus

124 1941 381 1990 improperata
407 1942 529 1987 refert,
558 1947 596 1978 et
624 1953 735 1978 mens
764 1947 961 1977 exaestuat
989 1942 1054 1978 ira.

125 1999 229 2046 Quin
257 2001 371 2038 etiam
398 2001 457 2038 bis
484 2008 566 2037 tum
594 2000 743 2037 medios
771 2000 956 2036 invaserat
983 2000 1124 2044 hostes,

123 2059 181 2096 bis
210 2059 370 2097 confusa
397 2059 487 2108 fuga
516 2071 583 2108 per
611 2071 742 2097 muros
771 2059 925 2107 agmina
953 2059 1081 2103 vertit;
1436 2062 1500 2093 800

123 2118 192 2156 sed
218 2130 355 2155 manus
383 2130 404 2155 e
433 2119 564 2156 castris
592 2130 755 2167 propere
785 2118 860 2154 coit
889 2117 1014 2154 omnis
1041 2118 1080 2153 in
1108 2128 1237 2162 unum,

124 2188 195 2214 nec
224 2184 355 2214 contra
382 2177 478 2214 vires
506 2177 620 2214 audet
650 2176 825 2214 Saturnia
853 2176 951 2213 Iuno

124 2235 316 2281 sufficere3
354 2236 493 2273 ae‘riam
523 2236 628 2273 caelo
658 2247 748 2272 narn
778 2235 948 2284 Iuppiter
975 2235 1066 2272 Irim

123 2294 275 2332 demisit
302 2306 506 2343 germanae
534 2294 637 2331 haud
665 2294 794 2331 mollia
821 2295 921 2331 iussa
948 2295 1141 2340 ferentem,

122 2354 162 2390 ni
190 2353 345 2391 Turnus
373 2353 483 2391 cedat
512 2353 750 2391 Teucrorum
779 2354 980 2390 moenibus
1009 2353 1102 2391 altis.
1436 2357 1496 2397 805

122 2412 227 2463 Ergo
257 2425 327 2450 nec
357 2413 480 2463 clipeo
510 2413 653 2450 iuvenis
684 2412 886 2450 subsistere
915 2419 1060 2449 tantum
