1669 2737
534 84 748 121 ECLOGA
788 85 895 119 VIII.
929 80 1112 134 36-109.
1468 91 1516 129 19

133 194 299 243 effigiem
327 193 450 240 duco;
490 205 651 231 numero
681 193 774 230 deus
803 194 947 243 impare
977 195 1130 242 gaudet·
1479 208 1516 239 75

186 253 325 291 Ducite
354 254 403 290 ab
433 253 526 290 urbe
556 253 726 297 domum,
757 265 843 289 mea
872 254 1050 298 carmina,
1083 253 1207 290 ducite
1236 252 1444 302 Daphnim.

133 311 255 350 Necte
283 312 403 349 tribus
431 312 544 349 nodis
572 318 712 357 ternos,
743 312 938 360 Amarylli,
968 312 1139 358 colores;

132 378 253 416 necte,
282 370 476 419 Amarylli,
507 371 627 408 modo
657 378 693 407 et
723 370 918 408 “Veneris
932 370 951 384 ’¹
981 371 1042 408 dic
1072 371 1257 408 “vincula
1285 369 1433 408 necto.''

186 429 323 467 Ducite
352 430 401 466 ab
429 430 521 466 urbe
551 429 722 474 domum,
751 441 840 467 mea
868 430 1045 474 carmina,
1077 429 1202 466 ducite
1231 430 1438 479 Daphnim.

132 487 266 526 Limus
294 495 335 525 ut
363 488 425 525 hic
455 488 631 534 durescit,
661 495 698 525 et
726 488 822 526 haec
851 496 892 526 ut
921 501 1007 526 cera
1035 489 1208 537 liquescit
1478 496 1519 525 80

131 560 210 585 uno
239 548 452 596 eodemque
481 548 573 596 igni,
603 548 656 584 sic
686 555 817 585 nostro
846 548 1024 596 Daphnis
1054 560 1196 585 amore.

134 607 280 655 Sparge
308 607 463 652 molam,
494 614 531 643 et
559 606 711 654 fragiles
740 607 902 644 incende
932 607 1119 644 bitumine
1148 607 1286 646 laurus.

131 666 308 714 Daphnis
335 678 398 703 me
427 666 548 703 malus
577 666 661 712 urit,
691 678 765 715 ego
795 666 894 703 hanc
925 668 963 703 in
992 666 1197 715 Daphnide
1227 667 1386 705 laurum.

184 725 323 762 Ducite
349 726 398 762 ab
425 726 518 763 urbe
547 725 717 771 domum,
748 738 835 763 mea
865 727 1044 771 carmina,
1074 726 1198 763 ducite
1226 726 1433 776 Daphnim.

131 784 238 822 Talis
268 796 375 821 amor
403 783 611 833 Daphnim,
642 785 762 834 qualis
793 798 883 822 cum
911 786 1011 823 fessa
1039 786 1243 822 iuvencum
1478 793 1515 831 85

130 856 198 893 per
224 855 382 881 nemora
409 851 523 892 atque
552 844 649 881 altos
679 845 898 894 quaerendo
927 845 1066 882 bucula
1094 845 1202 881 lucos

131 910 287 952 propter
313 915 436 953 aquae
464 904 587 940 rivum
616 904 722 941 viridi
752 905 970 953 procumbit
999 905 1037 941 in
1067 904 1165 950 ulva,

132 963 288 1011 perdita,
317 975 390 1000 nec
420 974 526 1000 serae
554 964 729 1001 meminit
758 964 943 1001 decedere
973 964 1087 1009 nocti,

132 1021 215 1059 talis
243 1033 352 1059 amor
379 1029 516 1069 teneat,
545 1035 617 1060 nec
647 1023 695 1060 sit
722 1023 816 1060 mihi
844 1035 933 1060 cura
961 1023 1118 1060 mederi.

186 1080 324 1118 Ducite
353 1082 402 1118 ab
430 1082 524 1118 urbe
553 1081 725 1128 domum,
755 1095 842 1120 mea
871 1083 1050 1127 carmina,
1082 1082 1206 1120 ducite
1234 1082 1443 1132 Daphnim.
1477 1098 1519 1129 90

132 1139 218 1177 Has
247 1140 340 1177 olim
368 1140 521 1178 exuvias
550 1141 642 1178 mihi
672 1142 840 1190 perfidus
868 1142 928 1179 ille
957 1142 1115 1190 reliquit,

132 1200 295 1248 pignora
324 1211 411 1237 cara
438 1200 520 1237 sui:
559 1213 659 1249 quae
688 1213 791 1238 nunc
821 1213 894 1250 ego
924 1201 1053 1237 limine
1082 1202 1121 1237 in
1154 1201 1251 1249 ipso,

133 1267 242 1303 terra,
273 1259 340 1295 tibi
369 1259 537 1305 mand0;
578 1260 720 1297 debent
748 1260 844 1297 haec
874 1261 1037 1310 pignora
1066 1259 1274 1308 Daphnim.

187 1317 325 1355 Ducite
354 1319 402 1355 ab
430 1319 522 1356 urbe
551 1319 723 1364 domum,
753 1332 840 1357 mea
868 1320 1047 1365 carmina,
1078 1320 1204 1356 ducite
1233 1319 1438 1368 Daphnim.

135 1376 220 1415 Has
248 1377 386 1415 herbas
415 1385 529 1426 atque
558 1378 654 1416 haec
682 1378 810 1416 Ponto
839 1379 932 1415 mihi
960 1378 1057 1415 lecta
1085 1390 1233 1415 venena
1478 1394 1518 1427 95

134 1438 217 1487 ipse
246 1437 348 1475 dedit
378 1437 522 1475 Moeris
537 1451 548 1484 3
589 1445 795 1476 nascuntur
823 1438 986 1486 plurima
1015 1437 1162 1483 Ponto;

134 1497 193 1534 his
222 1508 296 1546 ego
326 1508 440 1546 saepe
468 1497 601 1546 lupum
630 1498 709 1534 fieri
738 1504 775 1534 et
805 1510 845 1534 se
875 1497 1040 1534 condere
1069 1497 1169 1535 silvis

136 1555 314 1601 Moerim,
344 1568 460 1605 saepe
489 1557 636 1593 animas
665 1557 751 1594 imis
781 1557 904 1594 excire
934 1556 1115 1605 sepulcris

136 1622 250 1665 atque
279 1621 379 1652 satas
408 1615 482 1652 alio
510 1615 586 1652 vidi
614 1615 809 1653 traducere
838 1628 995 1653 messes.

189 1674 328 1712 Ducite
357 1675 406 1712 ab
434 1675 528 1712 urbe
557 1674 728 1721 domum,
749 1687 840 1712 mea
869 1677 1048 1720 carmina,
1070 1675 1195 1712 ducite
1225 1675 1429 1725 Daphnim.
1464 1691 1523 1712 100

137 1733 211 1771 Fer
239 1734 397 1779 cineres,
426 1734 620 1783 Amal-yffi,
651 1734 752 1771 foras
780 1735 936 1783 rivoque
966 1734 1098 1771 fluenti

138 1800 318 1842 transque
347 1800 462 1842 caput
488 1793 581 1839 iace,
611 1805 683 1831 nec
710 1794 931 1842 respexeris.
989 1793 1065 1830 His
1096 1806 1169 1843 ego
1199 1794 1394 1843 Daphnim

139 1852 338 1902 aggrediar
348 1864 359 1899 3
397 1852 490 1889 nihil
519 1852 579 1889 ille
609 1852 714 1899 deos,
743 1853 795 1889 nil
825 1854 993 1890 carmina
1022 1861 1139 1891 curat·

193 1912 332 1950 Ducite
360 1913 409 1949 ab
436 1912 529 1948 urbe
559 1912 731 1958 domum,
761 1924 848 1949 mea
877 1913 1054 1954 carmina,
1086 1913 1210 1950 ducite
1238 1913 1445 1962 Daphnim.

138 1971 302 2020 Aspice:
342 1971 521 2020 corripuit
549 1970 717 2008 tremulis
746 1971 877 2008 altaria
905 1971 1070 2009 flammis
1465 1988 1522 2019 105

141 2038 278 2080 sponte
307 2041 386 2075 sua,
417 2029 510 2066 dum
538 2029 632 2066 ferre
660 2041 802 2075 moror,
833 2031 927 2067 cinis
956 2031 1048 2079 ipse.
1109 2030 1263 2068 Bonum
1292 2031 1359 2070 sit!

141 2089 285 2127 Nescio
315 2088 407 2139 quid
435 2095 537 2126 certe
566 2094 634 2133 est,
663 2096 700 2126 et
730 2089 857 2138 Hylax
888 2090 927 2125 in
955 2089 1082 2126 limine
1111 2089 1230 2126 latrat.

143 2148 369 2186 Credimus?
408 2159 469 2193 an,
498 2147 563 2197 qui
591 2154 731 2193 amant,
762 2149 833 2196 ipsi
864 2148 934 2185 sibi
963 2149 1112 2185 somnia
1142 2148 1320 2197 fingunt?

195 2207 356 2254 Parcite,
385 2206 433 2243 ab
461 2207 553 2245 urbe
581 2207 694 2254 venit,
724 2207 801 2244 iam
829 2207 981 2256 parcite,
1012 2208 1189 2254 carmina,
1220 2207 1417 2258 Daphnis!
