1669 2737
193 95 248 138 50
744 88 817 123 GE
821 88 951 123 ORGI
951 87 1015 123 CA
1021 111 1031 124 .

194 206 230 238 et
258 200 334 236 iam
363 198 519 236 maturis
549 197 775 235 metuendus
804 196 975 246 Iuppiter
1004 194 1097 233 uvis.

248 257 394 296 Contra
422 269 502 294 non
531 257 605 294 ulla
633 263 689 294 est
718 256 811 293 oleis
840 255 1005 293 cultura:
1045 265 1169 303 neque
1199 253 1284 291 illae

195 331 422 370 procurvam
451 324 656 367 expectant
685 317 822 354 falcem
850 324 1068 365 rastrosque
1098 321 1264 359 tenaces,

195 391 283 416 cum
313 378 430 416 semel
460 378 662 415 haeserunt
691 377 788 414 arvis
818 388 1004 425 aurasque
1033 374 1222 421 tulerunt;

194 439 277 487 ipsa
306 439 395 475 satis
424 437 544 481 tellus,
573 448 660 474 cum
691 436 806 473 dente
835 435 1036 472 recluditur
1064 446 1178 479 unco,

196 498 331 535 sufficit
359 509 533 534 umorem
563 503 600 533 et
628 494 812 544 gravidas,
843 506 931 532 curn
961 506 1127 538 vomere,
1157 492 1294 541 fruges.

197 556 287 594 Hoc
317 557 501 606 pinguem
530 562 566 592 et
595 554 775 604 placitam
805 553 894 590 Paci
924 554 1083 590 nutritur
1112 552 1263 589 olivam.

250 617 373 654 Poma
402 628 568 665 quoque,
598 622 638 652 ut
667 615 833 664 primum
862 620 1017 651 truncos
1047 624 1199 650 sensere
1228 611 1395 648 valentes

197 683 234 713 et
262 676 358 713 vires
390 675 557 712 habuere
588 686 686 719 suas,
715 673 764 710 ad
794 673 917 710 sidera
945 673 1083 721 raptim

197 736 231 772 vi
261 736 416 785 propria
444 736 612 772 nituntur
641 733 802 782 opisque
831 732 933 769 haud
962 732 1092 781 indiga
1122 736 1287 768 nostrae.

197 795 281 832 Nec
310 795 437 831 minus
466 794 608 831 interea
637 792 714 830 fetu
744 804 880 829 nemus
911 803 1026 829 omne
1059 790 1258 841 gravescit,

199 855 491 905 sanguineisque
520 854 662 891 inculta
691 854 828 890 rubent
856 852 994 890 aviaria
1021 852 1136 890 bacis.

199 915 430 953 Tondentur
460 914 578 963 cytisi,
608 913 739 950 taedas
769 912 860 949 silva
889 912 963 949 alta
993 912 1189 956 ministrat,

198 981 482 1025 pascunturque
512 974 621 1022 ignes
651 972 824 1010 nocturni
854 978 891 1009 et
919 972 1064 1008 lumina
1092 971 1266 1008 fundunt.

198 1034 248 1071 Et
276 1034 448 1071 dubitant
477 1032 652 1070 homines
681 1043 806 1070 serere
835 1038 949 1080 atque
979 1030 1200 1079 impendere
1231 1027 1387 1065 curam?

200 1093 307 1140 Quid
335 1094 480 1130 maiora
511 1092 672 1141 sequar?
724 1091 865 1128 Salices
895 1090 1133 1138 humilesque
1163 1089 1334 1138 genistae

200 1161 265 1191 aut
293 1153 377 1190 illae
406 1152 536 1202 pecori
566 1151 740 1188 frondem
771 1157 834 1187 aut
864 1150 1078 1199 pastoribus
1107 1149 1284 1185 umbram

201 1212 391 1251 sufficiunt
422 1223 655 1261 saepemque
685 1210 774 1247 satis
804 1216 841 1246 et
872 1209 1012 1258 pabula
1043 1208 1155 1245 melli.

200 1272 251 1310 Et
279 1273 380 1310 iuvat
408 1272 617 1309 undantem
646 1271 750 1307 buxo
781 1276 951 1318 spectare
983 1268 1169 1318 Cytorum

202 1331 469 1381 Naryciaeque
498 1331 595 1380 picis
626 1330 746 1374 lucos,
777 1329 879 1365 iuvat
914 1339 1002 1364 arva
1031 1327 1158 1364 videre

203 1404 283 1428 non
312 1392 451 1436 rastris,
481 1390 681 1427 hominum
712 1400 792 1425 non
822 1387 885 1424 ulli
916 1387 1085 1424 obnoxia
1113 1397 1238 1424 curae.

203 1451 316 1500 Ipsae
347 1450 546 1487 Caucaseo
577 1448 721 1486 steriles
751 1449 790 1485 in
819 1447 957 1484 vertice
989 1446 1114 1492 silvae,

204 1521 300 1558 quas
329 1509 492 1546 animosi
521 1508 612 1545 Euri
642 1507 794 1545 assidue
824 1506 1084 1554 franguntque
1115 1504 1327 1552 feruntque,

205 1569 298 1606 dant
326 1569 420 1605 alios
449 1568 544 1605 aliae
574 1567 684 1612 fetus,
714 1567 806 1603 dant
835 1565 926 1602 utile
955 1565 1103 1613 lignum

205 1628 366 1676 navigiis
394 1627 518 1676 pinos,
549 1626 726 1663 domibus
755 1625 989 1672 cedrumque
1014 1633 1303 1671 cupressosque.

206 1687 312 1725 Hinc
341 1687 468 1724 radios
497 1686 628 1722 trivere
657 1685 760 1729 rotis,
791 1684 881 1720 hinc
911 1690 1094 1732 tympana
1122 1681 1298 1730 plaustris

208 1747 408 1797 agricolae,
439 1753 477 1784 et
505 1745 654 1794 pandas
682 1744 824 1781 ratibus
853 1755 1016 1792 posuere
1046 1742 1204 1779 carinas.

207 1808 426 1845 Viminibus
456 1806 601 1850 salices,
632 1804 817 1841 secundae
847 1802 1048 1840 frondibus
1076 1801 1179 1846 ulmi,

207 1874 246 1904 at
273 1873 419 1916 myrtus
447 1864 578 1902 validis
607 1863 801 1902 hastilibus
830 1870 867 1900 et
896 1862 999 1899 bona
1027 1860 1128 1898 bello

209 1939 360 1971 cornus,
390 1926 563 1963 Ituraeos
591 1924 668 1961 taxi
697 1928 921 1972 torquentur
950 1921 988 1957 in
1018 1932 1139 1957 arcus.

210 1986 294 2023 Nee
323 1986 423 2022 tiliae
451 1984 552 2022 leves
580 1990 646 2020 aut
674 1990 784 2020 torno
813 1981 922 2019 rasile
952 1981 1097 2017 buxum

210 2058 291 2083 non
319 2045 483 2081 formam
512 2043 706 2092 accipiunt
736 2041 909 2091 ferroque
940 2046 1119 2078 cavantur
1147 2044 1273 2075 acuto.

211 2104 295 2142 Nec
325 2116 405 2141 non
435 2110 473 2140 et
500 2109 708 2140 torrentem
738 2100 881 2138 undam
910 2099 1002 2136 levis
1030 2099 1177 2134 innatat
1206 2097 1314 2133 alnus

211 2165 329 2201 missa
359 2162 488 2208 Pado;
528 2173 600 2198 nec
629 2172 711 2198 non
740 2166 777 2197 et
806 2170 898 2208 apes
927 2158 1107 2195 examina
1136 2155 1310 2193 condunt

212 2223 491 2270 corticibusque
521 2220 622 2257 cavis
651 2219 886 2267 vitiosaeque
915 2217 1009 2254 ilicis
1038 2215 1135 2252 alvo.

214 2281 318 2329 Quid
348 2280 642 2318 memorandum
671 2290 793 2328 aeque
824 2275 1017 2314 Baccheia
1046 2275 1150 2312 dona
1178 2271 1369 2310 tulerunt?

213 2341 389 2380 Bacchus
418 2347 455 2378 et
484 2339 532 2377 ad
561 2339 714 2387 culpam
743 2348 877 2374 causas
907 2335 1031 2381 dedit3
1074 2333 1135 2370 ille
1164 2332 1333 2369 furentes

215 2402 428 2440 Centauros
457 2399 534 2436 leto
565 2398 723 2442 domuit,
754 2396 1025 2443 Rhoetumque
1053 2392 1296 2440 Pholumque

215 2469 252 2498 et
279 2471 424 2509 magno
455 2458 648 2509 Hylaeum
676 2455 849 2506 Lapithis
879 2461 1023 2492 cratere
1053 2452 1273 2489 minantem.

1517 264 1581 295 420

1520 563 1581 594 425

1522 861 1586 891 430

1525 1159 1587 1190 435

1528 1456 1592 1488 440

1531 1754 1592 1785 445

1532 2049 1597 2081 450

1532 2343 1596 2376 455
