1669 2737
582 82 747 118 LIBER
776 82 833 118 II.
866 76 1076 131 614-691.

133 200 271 233 cuncta
298 199 406 244 pater
433 193 590 243 fatoque
618 192 769 242 urgenti
797 192 1018 229 incumbere
1048 190 1168 228 vellet.

133 254 325 303 Abnegat,
354 254 588 303 inceptoque
617 260 653 290 et
683 252 837 290 sedibus
865 251 994 288 haeret
1021 250 1060 287 in
1090 251 1220 287 isdem.

134 312 282 351 Rursus
309 313 350 350 in
378 324 483 350 arma
511 312 621 358 feror,
651 318 892 360 mortemque
919 310 1153 347 miserrimus
1182 314 1288 357 opto.

133 370 237 408 Nam
265 370 373 421 quod
401 371 603 408 consilium
632 377 696 407 aut
724 382 822 418 quae
852 370 928 406 iam
957 368 1106 405 fortuna
1134 366 1319 404 dabatur?

134 429 287 467 “Mene
316 429 449 467 efferre
478 429 631 479 pedem,
661 430 822 478 genitor,
852 435 889 465 te
918 439 1034 477 posse
1063 427 1193 463 relicto

134 489 304 538 sperasti,
334 495 560 538 tantumque
587 487 695 525 nefas
724 488 848 536 patrio
878 487 1018 524 excidit
1047 487 1139 523 ore?

134 549 174 588 Si
202 550 295 587 nihil
324 562 372 587 ex
400 557 505 587 tanta
534 549 679 599 superis
708 549 834 598 placet
862 549 956 586 urbe
984 547 1157 596 relinqui,

133 615 171 646 et
199 609 307 646 sedet
334 608 410 646 hoc
438 609 579 654 animo,
610 608 874 657 perituraeque
904 606 1043 644 addere
1074 605 1217 643 Troiae

135 678 249 720 teque
277 676 441 719 tuosque
470 670 584 716 iuvat,
613 676 718 719 patet
746 670 806 706 isti
836 669 951 706 ianua
978 668 1067 713 leto,

134 730 288 780 iamque
317 730 436 767 aderit
464 730 585 767 multo
614 729 754 766 Priami
784 729 832 766 de
862 729 1048 777 sanguine
1077 727 1255 776 Pyrrhus,

135 798 269 829 natum
297 798 386 829 ante
415 803 481 829 ora
509 791 637 840 patris,
667 797 813 840 patrem
843 790 908 839 qui
939 790 1141 826 obtruncat
1170 789 1219 825 ad
1249 799 1340 825 aras.

136 850 227 888 Hoc
255 855 346 896 erat,
376 850 477 888 alma
505 862 654 900 parens,
685 849 790 899 quod
819 861 881 886 me
910 861 979 898 per
1007 848 1093 893 tela,
1123 860 1191 897 per
1219 848 1328 896 ignes

136 910 261 959 eripis,
290 916 332 947 ut
358 909 495 947 mediis
523 909 673 946 hostem
702 910 741 946 in
771 908 1027 958 penetralibus
1056 914 1174 956 utque

136 971 348 1008 Ascanium
377 977 601 1020 patremque
630 981 761 1006 meum
790 970 969 1018 iuxtaque
999 968 1186 1006 Creusam

137 1029 297 1067 alterum
325 1030 365 1067 in
395 1029 545 1067 alterius
574 1036 761 1067 mactatos
793 1029 980 1077 sanguine
1010 1028 1191 1065 cernam?

137 1089 267 1136 Arma,
295 1089 374 1135 viri,
403 1088 496 1127 ferte
524 1100 651 1135 arma3
695 1095 805 1125 vocat
833 1088 898 1125 lux
927 1087 1060 1124 ultima
1088 1087 1218 1123 victos.

138 1148 304 1186 Reddite
332 1160 396 1185 me
425 1147 582 1194 Danais,
613 1148 723 1185 sinite
751 1148 960 1184 instaurata
987 1146 1150 1183 revisam

138 1209 291 1258 proelia.
348 1207 573 1258 Numquam
602 1220 737 1246 omnes
766 1207 881 1244 hodie
911 1207 1116 1243 moriemur
1143 1205 1285 1243 inulti.'’

194 1269 203 1285 ‘
220 1266 326 1305 Hinc
353 1266 451 1304 ferro
481 1267 662 1315 accingor
691 1278 819 1303 rursus
849 1266 1049 1314 clipeoque
1080 1264 1268 1301 sinistram

139 1327 371 1364 insertabam
400 1331 536 1376 aptans
563 1337 703 1375 meque
733 1332 838 1362 extra
867 1331 967 1362 tecta
995 1324 1174 1361 ferebam.

141 1385 244 1424 Ecce
274 1392 401 1424 autem
429 1385 634 1435 complexa
663 1385 783 1434 pedes
812 1385 851 1421 in
879 1384 1009 1420 limine
1039 1383 1207 1421 coniunx

139 1446 330 1491 haerebat,
360 1457 596 1494 parvumque
625 1445 721 1494 patri
750 1444 931 1481 tendebat
959 1441 1107 1480 Iulum:

142 1504 220 1541 “Si
247 1505 438 1553 periturus
464 1504 559 1549 abis,
589 1511 627 1541 et
655 1515 728 1541 nos
757 1515 848 1552 rape
877 1503 915 1539 in
944 1502 1075 1539 omnia
1103 1508 1253 1548 tecum3

141 1564 202 1602 sin
230 1564 398 1613 aliquam
428 1569 606 1612 expertus
635 1563 796 1612 sumptis
827 1574 936 1611 spem
965 1561 1079 1610 ponis
1108 1562 1146 1597 in
1176 1561 1301 1602 armis,

141 1623 241 1661 hanc
270 1623 437 1672 primum
465 1629 587 1659 tutare
616 1621 787 1659 domum.
845 1620 917 1658 Cui
948 1633 1084 1669 parvus
1113 1620 1230 1666 Iulus,

143 1683 204 1720 cui
232 1689 340 1732 pater
367 1688 404 1719 et
432 1682 602 1719 coniunx
631 1681 830 1731 quondam
859 1688 924 1718 tua
954 1680 1054 1717 dicta
1083 1676 1338 1728 relinquor?”

198 1741 311 1779 Talia
338 1740 551 1778 vociferans
580 1741 726 1790 gemitu
754 1746 898 1777 tectum
928 1751 1043 1776 omne
1072 1738 1252 1787 replebat,

145 1814 233 1839 cum
263 1801 390 1839 subito
420 1800 602 1850 dictuque
632 1800 749 1838 oritur
776 1799 948 1837 mirabile
977 1804 1207 1835 monstrum.

145 1861 326 1910 Namque
354 1871 492 1897 manus
521 1860 618 1897 inter
646 1866 956 1908 maestorumque
986 1869 1054 1895 ora
1082 1864 1283 1906 parentum

146 1932 236 1958 ecce
265 1919 357 1957 levis
386 1931 539 1957 summo
569 1919 617 1956 de
646 1919 784 1956 vertice
813 1919 915 1956 visus
944 1917 1015 1954 Iuli

146 1980 303 2017 fundere
330 1980 463 2016 lumen
492 1991 602 2028 apex,
633 1985 813 2028 tactuque
843 1978 1003 2015 innoxia
1030 1977 1166 2014 molles

146 2039 315 2077 lambere
343 2039 501 2076 flamma
530 2049 662 2075 comas
691 2044 728 2074 et
757 2038 901 2075 circum
930 2043 1106 2084 tempora
1135 2035 1251 2083 pasci.

148 2098 233 2136 Nos
261 2097 388 2147 pavidi
416 2097 605 2147 trepidare
634 2104 751 2142 metu,
783 2097 1004 2145 crinemque
1032 2095 1257 2142 flagrantem

147 2157 337 2196 Excutere
365 2164 403 2195 et
431 2163 586 2194 sanctos
614 2156 848 2205 restinguere
879 2155 1047 2192 fontibus
1077 2154 1196 2202 ignes.

149 2217 202 2254 At
228 2224 336 2267 pater
363 2215 554 2253 Anchises
584 2215 719 2253 oculos
747 2214 796 2251 ad
826 2213 949 2251 sidera
977 2213 1096 2250 laetus

150 2276 292 2318 extulit,
320 2280 358 2312 et
385 2274 492 2312 caelo
521 2274 670 2323 palmas
699 2285 790 2310 cum
819 2284 913 2309 voce
942 2271 1126 2308 tetendit:

154 2332 355 2381 “Iuppiter
375 2333 636 2382 omnipotens,
665 2332 842 2381 precibus
872 2331 904 2367 si
932 2329 1093 2367 flecteris
1121 2330 1217 2375 ullis,

151 2394 280 2441 aspice
309 2403 405 2439 n0s3
447 2391 524 2429 hoc
551 2397 722 2436 tantum;
762 2396 811 2434 et,
841 2389 872 2426 si
901 2389 1040 2437 pietate
1069 2400 1272 2434 meremur,

153 2451 204 2489 da
231 2450 369 2489 deinde
398 2450 610 2499 augurium,
640 2448 762 2494 Pater,
793 2454 907 2496 atque
936 2446 1031 2484 haec
1061 2448 1192 2484 omina
1221 2446 1365 2484 firmas

1447 86 1521 115 121

1465 610 1529 641 660

1467 912 1527 952 665

1474 1803 1536 1834 680

1477 2099 1536 2140 685

1479 2393 1541 2433 690
