1669 2737
555 85 722 120 LIBER
753 84 826 121 XI.
863 78 1068 132 107-184·

120 193 283 242 agmina.
341 192 452 240 Quae
484 199 689 243 postquam
719 199 858 231 matres
887 192 1090 231 succedere
1118 192 1226 230 tectis

119 252 302 299 viderunt,
331 259 519 291 maestam
547 252 756 290 incendunt
785 252 1012 289 clamoribus
1040 252 1184 288 urbem.

119 310 172 347 At
200 323 280 349 non
307 311 529 349 Evandrum
555 312 655 360 potis
684 318 741 348 est
769 311 823 348 vis
852 311 926 348 ulla
955 317 1096 355 tenere,

120 369 187 407 sed
214 370 317 407 venit
344 371 384 407 in
411 370 572 407 medios.
629 369 784 407 Feretro
815 369 985 406 Pallanta
1012 374 1168 417 reposto

119 428 320 478 procubuit
349 440 463 477 super
491 434 604 477 atque
632 428 762 465 haeret
790 427 1070 476 lacrimansque
1100 439 1346 477 gemensque,

121 495 158 525 et
185 489 245 525 via
273 489 334 526 vix
363 487 518 525 tandem
546 488 631 526 voci
660 488 786 526 laxata
816 487 947 526 dolore
977 494 1056 525 est:

121 547 237 585 ‘Non
265 547 372 594 haec,
401 559 425 585 o
454 547 570 592 Palla,
600 547 760 585 dederas
789 548 981 596 promissa
1009 547 1167 595 parenti,

121 607 267 644 cautius
297 613 338 644 ut
366 617 479 644 saevo
508 606 623 644 velles
652 612 688 643 te
719 606 871 644 credere
901 605 1027 642 Marti.

120 665 224 704 haud
251 667 406 716 ignarus
433 678 548 712 eram,
578 673 763 715 quantum
793 678 893 703 nova
921 666 1042 715 gloria
1070 666 1110 702 in
1139 667 1252 704 armis

121 734 158 765 et
185 727 390 776 praedulce
419 727 535 764 decus
563 727 687 776 primo
716 727 922 764 certamine
950 733 1091 775 posset.

121 787 313 824 Primitiae
340 786 486 824 iuvenis
514 786 675 824 miserae
704 786 870 835 bellique
899 786 1107 835 propinqui

121 845 215 883 dura
243 845 457 883 rudimenta
485 852 523 882 et
551 845 642 882 nulli
672 845 850 883 exaudita
879 845 1040 882 deorum

119 911 208 941 vota
236 916 445 953 precesque
474 906 608 942 meae!
648 912 776 953 tuque,
808 916 832 941 o
862 904 1101 941 sanctissima
1131 904 1310 950 coniunx,

120 963 210 1000 felix
237 970 360 1001 morte
388 970 454 1000 tua
482 975 608 1013 neque
638 964 677 1000 in
706 964 808 1001 hunc
838 970 983 1001 servata
1012 963 1204 1000 dolorem!

121 1021 267 1060 Contra
295 1034 369 1071 ego
398 1022 560 1059 vivendo
588 1023 660 1060 vici
689 1035 775 1060 mea
804 1023 889 1067 fata,
920 1030 1108 1071 superstes

120 1089 301 1119 restarem
324 1090 364 1120 ut
393 1082 552 1130 genitor.
611 1081 760 1119 Troum
790 1083 894 1119 socia
921 1094 1026 1119 arma
1055 1088 1225 1119 secutum

121 1142 325 1178 obruerent
354 1140 485 1178 Rutuli
516 1141 625 1178 telis!
665 1142 835 1178 animam
863 1142 946 1191 ipse
977 1141 1166 1179 dedissem

121 1207 234 1250 atque
263 1200 358 1237 haec
387 1212 533 1249 pompa
562 1200 722 1237 domum
750 1213 822 1246 me,
854 1213 934 1238 non
963 1200 1141 1245 Pallanta,
1172 1200 1344 1239 referret!

122 1260 207 1299 Nec
236 1272 304 1298 vos
333 1261 532 1309 arguerim,
564 1260 714 1306 Teucri,
747 1273 818 1298 nec
848 1261 1001 1298 foedera
1030 1273 1100 1298 nec
1130 1273 1224 1310 quas

120 1322 312 1359 iunximus
341 1320 507 1370 hospitio
539 1320 714 1358 dextras:
757 1333 839 1358 sors
871 1321 941 1358 ista
970 1328 1145 1358 senectae

120 1381 248 1418 debita
276 1386 354 1417 erat
381 1387 545 1417 nostrae.
604 1379 722 1425 Quod
752 1381 781 1417 si
812 1381 1012 1417 immatura
1039 1381 1219 1418 manebat

120 1452 224 1477 mors
252 1445 396 1485 natum,
426 1439 546 1476 caesis
575 1439 807 1476 Volscorum
836 1440 999 1476 millibus
1029 1446 1116 1477 ante

121 1501 326 1539 ducentem
354 1501 393 1537 in
422 1500 572 1538 Latium
603 1500 777 1538 Teucros
806 1500 988 1538 cecidisse
1018 1501 1167 1538 iuvabit.

123 1560 228 1607 Quin
257 1572 331 1609 ego
361 1571 442 1597 non
472 1559 546 1597 alio
577 1560 712 1609 digner
743 1567 779 1597 te
809 1559 952 1606 funere,
982 1559 1094 1605 Palla,

121 1631 239 1669 quam
267 1619 352 1668 pius
380 1619 536 1656 Aeneas
567 1625 603 1655 et
633 1631 748 1668 quam
779 1619 910 1668 magni
940 1619 1109 1668 Phryges
1139 1625 1175 1655 et
1203 1631 1319 1668 quam

121 1678 388 1728 Tyrrhenique
419 1678 548 1723 duces,
579 1678 826 1728 Tyrrhenum
856 1678 1040 1715 exercitus
1070 1678 1206 1714 omnis.

119 1738 267 1787 Magna
291 1745 450 1786 tropaea
479 1737 611 1783 ferunt,
643 1749 742 1786 quos
773 1737 837 1774 dat
866 1745 930 1775 tua
960 1738 1114 1774 dextera
1143 1737 1230 1774 leto.

121 1797 186 1835 Tu
213 1809 368 1847 quoque
399 1809 504 1834 nunc
535 1804 653 1835 stares
682 1797 862 1834 immanis
892 1804 1044 1834 truncus
1073 1796 1111 1832 in
1141 1796 1263 1841 armis,

121 1863 222 1894 esset
248 1868 317 1905 par
346 1862 451 1894 aetas
482 1862 520 1893 et
547 1856 650 1893 idern
680 1856 711 1893 si
739 1857 855 1893 robur
883 1857 930 1892 ab
961 1856 1082 1900 annis,

120 1914 264 1952 Turne.
323 1914 400 1952 Sed
428 1915 557 1953 infelix
587 1915 763 1956 Teucros
793 1915 884 1965 quid
914 1915 1093 1952 demoror
1122 1913 1261 1951 armis?

120 1974 260 2012 Vadite
288 1981 324 2012 et
351 1974 447 2012 haec
475 1987 667 2012 memores
696 1974 777 2023 regi
805 1974 987 2011 mandata
1016 1973 1175 2010 referte:

121 2036 227 2085 quod
255 2036 370 2073 vitam
397 2048 529 2073 moror
556 2037 717 2074 invisam
746 2035 915 2073 Pallante
943 2042 1155 2084 perempto,

122 2096 277 2134 dextera
306 2108 422 2135 causa
450 2103 514 2134 tua
543 2104 609 2142 est,
641 2097 818 2134 Turnum
847 2102 1012 2144 natoque
1041 2096 1214 2144 patrique

121 2166 238 2203 quam
268 2155 407 2193 debere
435 2155 550 2193 vides.
609 2155 756 2192 Meritis
785 2161 892 2192 vacat
922 2154 981 2190 hic
1011 2154 1076 2190 tibi
1107 2154 1208 2190 solus

121 2213 370 2263 fortunaeque
398 2213 517 2252 locus.
575 2214 668 2251 Non
698 2214 796 2250 vitae
826 2212 965 2261 gaudia
993 2223 1135 2261 quaero

124 2275 212 2321 (nec
241 2272 325 2325 fas),
357 2274 426 2312 sed
454 2281 545 2311 nato
575 2274 714 2311 Manes
743 2272 908 2322 perferre
939 2273 1009 2309 sub
1039 2271 1157 2308 imos.’

174 2332 325 2370 Aurora
352 2333 496 2370 interea
524 2332 671 2369 miseris
700 2331 924 2368 mortalibus
953 2331 1095 2368 almam

121 2390 305 2427 extulerat
333 2389 469 2433 lucem,
497 2389 663 2426 referens
693 2400 811 2438 opera
840 2395 953 2438 atque
982 2388 1157 2426 labores:

121 2449 198 2487 iam
227 2455 335 2499 pater
364 2449 531 2495 Aeneas,
561 2450 637 2487 iam
667 2461 783 2487 curvo
812 2449 851 2486 in
881 2449 990 2487 litore
1019 2449 1203 2487 Tarchon

1419 91 1496 134 301

1448 1030 1506 1061 160

1448 1328 1504 1368 165

1449 1634 1508 1664 170

1444 2219 1503 2249 180
