1669 2737
152 43 232 86 288
724 51 761 86 A
766 51 948 87 ENEJS.

150 159 302 196 Interea
329 158 465 208 biiugis
494 158 604 197 infert
633 172 674 197 se
703 159 883 209 Lucagus
913 160 1007 198 albis

151 219 189 255 in
218 218 366 255 medios
395 218 583 267 fraterque
612 218 748 267 Liger;
790 219 857 257 sed
887 219 998 257 frater
1027 218 1187 257 habenis

152 277 268 315 flectit
297 289 427 327 equos,
458 279 628 315 strictum
657 284 756 315 rotat
784 290 871 316 acer
900 278 1081 327 Lucagus
1109 290 1252 316 ensem.

154 336 272 373 Haud
300 336 382 373 tulit
412 337 564 374 Aeneas
594 344 700 374 tanto
729 337 875 374 fervore
905 337 1093 375 furentes:

152 396 255 433 irruit
283 396 517 446 adversaque
547 396 684 444 ingens
713 396 886 446 apparuit
915 395 1033 433 hasta.

153 454 224 492 Cui
254 455 390 503 Liger:

153 515 266 552 ‘Non
296 514 496 552 Diomedis
525 526 645 563 equos
674 527 745 552 nec
775 526 926 552 currum
956 515 1078 552 cernis
1107 514 1262 552 Achillis

152 580 214 611 aut
244 573 429 623 Phrygiae
458 585 642 622 campos:
683 585 785 611 nunc
815 574 902 610 belli
931 574 1016 612 finis
1045 580 1082 611 et
1111 574 1192 611 aevi

151 632 209 671 his
240 633 388 670 dabitur
416 632 546 670 terris.’
603 631 759 670 Vesano
789 633 877 670 talia
905 633 977 670 late

152 692 253 729 dicta
280 692 408 729 vo'lant
436 690 572 740 Ligeri.
631 691 706 729 Sed
735 703 815 729 non
844 698 882 729 et
911 692 1054 730 Tro'r'us
1083 691 1196 729 heros

152 751 252 789 dicta
279 758 388 800 parat
417 757 572 788 contra:
615 751 779 788 iaculum
809 763 899 787 nam
929 758 1079 800 torquet
1106 751 1145 787 in
1175 750 1334 788 hostem.

152 809 329 859 Lucagus
357 816 398 846 ut
426 821 570 858 pronus
599 809 772 858 pendens
802 810 841 846 in
869 810 1024 847 verbera
1052 810 1128 847 telo

151 869 350 907 admonuit
378 869 540 917 biiugos,
570 869 742 917 proiecto
771 868 863 905 dum
891 869 989 918 pede
1018 869 1125 906 laevo

150 935 254 977 aptat
283 940 322 965 se
351 940 516 976 pugnae,
546 927 645 964 subit
674 939 761 964 oras
790 926 898 964 hasta
926 940 994 976 per
1022 928 1118 965 i‘mas

150 988 327 1036 fulgentis
356 987 477 1034 clipei,
507 994 587 1023 tum
617 986 763 1023 laevum
793 986 958 1035 perforat
986 988 1151 1035 inguen:

150 1058 332 1084 excussus
363 1058 472 1083 curru
500 1045 750 1082 moribundus
780 1045 938 1082 volvitur
966 1046 1072 1083 arvis.

151 1105 278 1151 Quem
306 1105 390 1153 pius
420 1105 572 1141 Aeneas
601 1104 709 1140 dictis
738 1104 874 1141 affatur
902 1104 1060 1142 amaris:

151 1164 339 1213 ‘Lucage‚
369 1163 470 1200 nulla
498 1170 583 1201 tuos
612 1175 740 1200 currus
768 1163 859 1212 fuga
888 1164 1016 1213 segnis
1044 1175 1232 1212 equorum

149 1224 316 1272 prodidit
344 1229 408 1260 aut
437 1235 556 1260 vanae
585 1230 728 1260 vertere
757 1235 803 1260 ex
833 1223 1009 1260 hostibus
1037 1224 1219 1260 umbrae:

148 1283 230 1331 ipse
258 1283 348 1319 rotis
377 1282 514 1319 saliens
544 1282 634 1330 iuga
663 1281 825 1319 deseris?
883 1281 993 1320 Haec
1023 1282 1072 1319 ita
1101 1282 1199 1319 fatus

149 1342 300 1390 arripuit
329 1342 501 1390 biiugos;
542 1340 655 1378 frater
684 1341 863 1378 tendebat
892 1343 1031 1380 inertes

148 1401 276 1437 infelix
306 1401 462 1449 palmas,
493 1412 603 1438 curru
633 1400 810 1449 delapsus
839 1401 1000 1438 eodem:

149 1459 243 1496 ‘Per
270 1467 316 1505 te,
346 1473 414 1509 per
442 1461 507 1509 qui
537 1467 574 1497 te
602 1459 716 1497 talem
745 1472 911 1507 genuere
940 1466 1128 1509 parentes,

147 1519 202 1556 vir
230 1518 409 1564 Troiane,
440 1519 520 1556 sine
550 1519 648 1556 hanc
678 1519 845 1555 animam
874 1525 911 1555 et
939 1518 1116 1556 miserere
1146 1517 1359 1567 precantis?

147 1578 321 1615 Pluribus
350 1579 473 1615 oranti
502 1579 678 1615 Aeneas:
719 1577 862 1614 ‘Haud
890 1577 977 1614 talia
1005 1577 1150 1614 dudum

147 1637 247 1674 dicta
275 1637 402 1674 dabas.
461 1636 611 1673 Morere
641 1643 677 1673 et
706 1635 858 1672 fratrem
886 1648 934 1673 ne
963 1636 1095 1672 desere
1125 1633 1259 1672 frater.'

147 1695 251 1732 Tum
279 1695 440 1733 latebras
469 1696 618 1733 animae
648 1701 780 1743 pectus
810 1706 993 1731 mucrone
1022 1695 1189 1731 recludit.

146 1754 258 1792 Talia
284 1767 352 1804 per
381 1766 541 1803 campos
569 1753 706 1791 edebat
735 1753 867 1790 funera
895 1753 1030 1790 ductor

144 1813 372 1859 Dardanius,
402 1813 577 1850 torrentis
607 1823 728 1861 aquae
757 1811 815 1848 vel
843 1811 1002 1847 turbinis
1032 1811 1100 1847 atri

144 1885 251 1910 more
279 1873 416 1910 furens.
473 1871 652 1909 Tandem
681 1876 884 1919 erumpunt
913 1876 949 1906 et
978 1876 1099 1906 castra
1127 1869 1343 1919 relinquunt

143 1933 333 1970 Ascanius
362 1944 457 1981 puer
483 1937 520 1968 et
548 1930 782 1979 nequiquam
811 1930 969 1966 obsessa
996 1929 1179 1965 iuventus.

197 1990 387 2028 Iunonem
416 1991 560 2028 interea
589 1988 793 2037 compellat
821 1988 990 2037 Iuppiter
1017 1987 1136 2024 ultro:

144 2050 202 2089 ‘O
231 2062 415 2099 germana
442 2049 534 2085 mihi
564 2055 676 2097 atque
706 2046 840 2085 eadem
868 2047 1084 2096 gratissima
1112 2046 1292 2091 coniunx,

141 2116 184 2147 ut
212 2110 354 2154 rebare,
385 2108 519 2146 Venus
551 2110 639 2154 (nec
667 2113 704 2144 te
734 2107 920 2144 sententia
948 2105 1055 2156 fallit)

142 2170 332 2206 Troianas
362 2174 546 2205 sustentat
575 2180 681 2216 opes,
712 2179 791 2203 non
820 2165 942 2203 vivida
970 2165 1069 2202 bello

142 2228 275 2265 dextra
303 2227 390 2264 viris
419 2227 646 2275 animusque
675 2226 781 2263 ferox
810 2226 1034 2274 patiensque
1063 2223 1213 2274 pericli.'

141 2286 213 2325 Cui
245 2287 342 2324 Iuno
372 2286 560 2323 submissa
591 2285 729 2331 ‘Quid,
759 2296 783 2321 o
813 2284 1062 2333 pulcherrime
1092 2284 1271 2328 coniunx,

141 2346 321 2384 sollicitas
351 2357 503 2394 aegram
532 2351 569 2381 et
598 2352 661 2381 tua
689 2344 806 2382 tristia
835 2345 937 2381 iussa
965 2343 1186 2380 timentem?

143 2405 182 2443 Si
209 2405 310 2452 mihi,
342 2416 438 2455 quae
468 2404 665 2454 quondam
694 2403 813 2441 suerat
842 2414 1034 2452 quamque
1064 2413 1148 2439 esse
1178 2401 1347 2446 decebat,

1470 174 1532 207 575

1470 462 1534 501 580

1469 750 1530 796 585

1467 1061 1531 1092 590

1464 1356 1525 1388 595

1461 1640 1525 1672 600

1459 1935 1520 1975 605

1457 2228 1519 2260 610
