1669 2737
552 73 718 108 LIBER
749 73 844 109 XII.
875 78 1088 123 417-494.
1437 85 1520 128 333

134 178 218 216 talis
246 178 286 216 in
316 178 497 218 adversos
527 180 663 218 ductor
693 181 903 220 Rhoeteius
933 183 1063 221 hostes

134 250 275 287 agmen
303 238 390 286 agit,
423 238 532 276 densi
563 239 695 277 cuneis
724 253 765 278 se
795 243 955 291 quisque
985 243 1127 281 coactis

133 297 408 346 agglomerant.
465 297 567 334 Ferit
595 310 687 335 ense
716 311 873 347 gravem
903 300 1170 348 Thymbraeus
1202 301 1364 346 Osinim‚

133 355 383 393 Tarchetium
413 355 649 401 Mnestheus,
679 356 900 406 Epulonem
929 359 1130 397 obtruncat
1158 361 1327 398 Achates

132 413 390 463 Ufentemque
421 414 526 464 Gyas
536 428 547 461 ;
591 416 690 452 cadit
719 417 802 464 ipse
832 416 1064 455 Tolumnius
1094 430 1226 467 augur,
1457 426 1522 465 460

133 473 276 522 primus
304 474 344 510 in
372 473 550 511 adversos
579 474 697 511 telum
728 475 792 523 qui
821 481 979 513 torserat
1008 476 1151 514 hostes.

133 532 298 570 Tollitur
328 532 366 569 in
394 532 541 570 caelum
571 532 725 579 clamor,
755 534 927 582 versique
957 535 1122 572 vicissim

132 591 394 640 pulverulenta
423 591 514 640 fuga
542 591 673 628 Rutuli
704 592 797 629 dant
825 599 929 641 terga
958 606 1026 642 per
1056 607 1179 643 agros.

132 651 223 699 Ipse
251 663 374 700 neque
405 662 557 688 aversos
586 650 764 699 dignatur
793 659 958 689 sternere
988 653 1100 689 morti

132 721 205 747 nec
233 710 333 758 pede
362 720 592 758 congressos
622 720 746 758 aequo
777 722 848 747 nec
880 710 952 747 tela
982 710 1146 749 ferentes
1457 718 1518 759 465

131 769 361 818 insequitur:
400 768 523 805 solum
552 768 671 806 densa
700 769 740 805 in
771 769 930 818 caligine
962 770 1140 806 Turnum

131 828 291 876 vestigat
319 827 492 873 lustrans,
523 827 648 864 solum
678 828 717 865 in
747 829 953 865 certamina
983 830 1118 877 poscit.

131 885 224 924 Hoc
253 898 441 924 concussa
470 894 574 923 metu
602 894 772 924 mentem
802 887 960 924 Iuturna
989 889 1119 936 virago

132 946 304 994 aurigam
332 946 455 983 Turni
488 947 616 984 media
644 948 741 984 inter
769 946 851 984 lora
880 946 1085 983 Metiscum

131 1007 273 1044 excutit
302 1013 339 1043 et
365 1006 481 1056 longe
509 1007 660 1056 lapsum
688 1014 843 1044 temone
872 1007 1043 1056 reliquit:
1453 1023 1518 1055 470

130 1066 214 1114 ipsa
242 1065 342 1102 subit
370 1066 623 1115 manibusque
653 1066 842 1104 undantes
873 1065 986 1103 flectit
1014 1066 1194 1111 habenas,

131 1131 270 1162 cuncta
297 1137 445 1173 gerens,
474 1137 686 1174 vocemque
715 1132 751 1162 et
780 1137 920 1174 corpus
949 1133 985 1162 et
1015 1138 1120 1162 arma
1152 1125 1315 1163 Metisci.

131 1182 252 1231 Nigra
280 1184 380 1221 velut
407 1196 568 1233 magnas
597 1184 743 1221 domini
773 1196 861 1221 curn
892 1184 1014 1221 divitis
1043 1185 1158 1221 aedes

129 1242 299 1292 pervolat
326 1249 363 1280 et
391 1244 529 1293 pennis
557 1243 632 1280 alta
661 1245 753 1281 atria
780 1243 912 1280 lustrat
941 1243 1114 1287 hirundo,

130 1302 270 1350 pabula
298 1315 413 1351 parva
442 1303 574 1352 legens
604 1303 778 1353 nidisque
807 1303 1032 1351 loquacibus
1062 1314 1183 1348 escas,
1452 1319 1514 1353 475

131 1368 169 1399 et
196 1373 299 1398 nune
328 1361 538 1411 porticibus
566 1362 704 1406 vacuis,
735 1374 838 1399 nunc
869 1362 1001 1411 umida
1031 1362 1174 1399 circum

131 1426 267 1470 stagna
296 1426 427 1458 sonat:
471 1421 601 1458 similis
631 1421 779 1459 medios
810 1421 967 1458 Iuturna
996 1434 1062 1470 per
1091 1421 1221 1458 hostes

130 1480 246 1517 fertur
273 1480 380 1528 equis
409 1479 619 1529 rapidoque
649 1480 781 1518 volans
810 1482 891 1518 obit
919 1481 1050 1517 omnia
1079 1491 1188 1517 curru

130 1542 283 1591 iamque
312 1541 374 1578 hic
402 1553 629 1590 germanum
657 1542 809 1592 iamque
839 1542 900 1580 hic
930 1549 1098 1580 ostentat
1127 1548 1308 1578 ovantem

129 1614 203 1640 nec
232 1601 406 1639 conferre
435 1613 594 1639 manum
627 1603 777 1651 patitur,
807 1602 910 1640 volat
939 1603 1021 1640 avia
1049 1602 1176 1651 longe.
1452 1610 1515 1646 480

129 1661 249 1699 Haud
277 1661 403 1698 minus
432 1661 585 1698 Aeneas
614 1668 733 1699 tortos
762 1661 852 1710 legit
881 1662 1016 1699 obvius
1046 1662 1159 1698 orbes

128 1720 366 1769 vestigatque
394 1720 516 1757 virum
545 1726 582 1757 et
611 1721 769 1758 disiecta
797 1733 864 1770 per
893 1721 1047 1770 agmina
1076 1731 1218 1767 magna

128 1792 224 1818 voce
253 1786 375 1818 vocat.
433 1779 625 1826 Quotiens
654 1780 787 1818 oculos
817 1781 981 1817 coniecit
1010 1780 1049 1816 in
1079 1779 1229 1815 hostem

128 1838 397 1888 alipedumque
428 1838 558 1888 fugam
587 1852 701 1877 cursu
730 1841 925 1889 temptavit
955 1849 1153 1887 equorum,

130 1910 283 1936 aversos
311 1898 452 1936 totiens
482 1910 614 1936 currus
644 1899 802 1936 Iuturna
832 1898 990 1935 retorsit.
1449 1903 1510 1944 435

129 1958 222 1996 Heu
250 1959 342 2008 quid
370 1960 483 2008 agat?
539 1959 658 1997 Vario
687 1960 920 2008 nequiquam
950 1957 1105 1994 fluctuat
1134 1963 1250 2000 aestu,

130 2017 376 2066 diversaeque
404 2025 542 2055 vocant
571 2019 743 2055 animum
773 2019 812 2054 in
841 2017 1030 2054 contraria
1064 2028 1187 2052 curae.

131 2075 235 2113 Huic
264 2075 480 2125 Messapus,
509 2077 563 2113 uti
590 2077 697 2114 laeva
725 2076 801 2113 duo
832 2076 926 2112 forte
955 2075 1109 2124 gerebat

129 2137 232 2174 lenta
259 2136 351 2174 levis
379 2149 490 2175 cursu
519 2138 686 2186 praefixa
716 2137 862 2174 hastilia
891 2136 1003 2180 ferro,

129 2195 268 2232 horum
296 2207 417 2232 unum
445 2204 549 2234 certo
579 2204 839 2244 contorquens
869 2194 992 2244 dirigit
1022 2194 1109 2231 ictu.
1448 2211 1512 2242 490

131 2255 303 2293 Substitit
331 2255 484 2294 Aeneas
512 2263 549 2294 et
579 2267 619 2293 se
649 2255 802 2303 collegit
831 2255 870 2292 in
900 2267 1014 2299 arma,

129 2316 272 2364 poplite
302 2315 524 2362 subsiden33
565 2316 715 2364 apicem
745 2321 875 2351 tamen
903 2314 1019 2351 incita
1048 2325 1242 2350 summum

128 2374 237 2411 hasta
265 2374 346 2411 tulit
375 2386 620 2423 summasque
651 2374 818 2411 excussit
848 2373 984 2410 vertice
1015 2373 1155 2410 cristas.

129 2432 234 2470 Tum
263 2444 351 2470 vero
382 2442 585 2482 assurgunt
614 2433 715 2479 irae3
754 2432 976 2481 insidiisque
1006 2431 1196 2475 subactus,
