1669 2737
546 88 723 123 LIBER
753 88 814 123 Vl.
848 78 1014 134 458-53
1020 87 1058 131 5.

113 199 264 236 auribus
294 204 330 236 et
359 204 513 235 truncas
543 197 748 234 inhonesto
777 196 932 234 vulnere
961 208 1082 233 nares.

113 257 188 294 Vix
217 257 314 295 adeo
345 258 502 305 agnovit
530 258 762 305 pavitantem
792 269 838 294 ac
868 257 949 293 dira
978 261 1171 304 tegentem

113 317 310 365 supplicia,
340 324 377 353 et
405 316 507 353 notis
537 316 741 365 compellat
769 316 926 353 vocibus
955 315 1078 352 ultro:

113 375 339 424 ‘Deiphobe
368 375 610 423 armipotens,
639 387 762 424 genus
791 375 867 412 alto
898 387 920 411 a
949 374 1135 422 sanguine
1165 373 1316 416 Teucri,

112 435 196 484 quis
226 442 303 472 tam
332 435 503 472 crudeles
532 435 676 483 optavit
705 446 856 471 sumere
886 435 1058 482 poenas?

112 494 173 531 cui
201 501 349 532 tantum
378 494 426 531 de
455 501 491 530 te
520 493 648 531 licuit?
687 494 779 530 mihi
809 493 912 531 fama
942 505 1121 542 suprema

112 560 226 591 nocte
255 553 337 590 tulit
367 553 510 590 fessum
538 559 644 589 vasta
672 559 709 589 te
738 552 856 590 caede
887 551 1093 600 Pelasgum

112 613 362 660 procubuisse
392 624 506 662 super
535 611 716 649 confusae
746 612 885 661 stragis
915 623 1105 648 acervum.

113 671 227 709 Tunc
256 677 412 720 egomet
440 671 629 708 tumulum
659 671 837 709 Rhoeteo
867 671 977 708 litore
1006 672 1161 708 inanem

112 732 292 769 constitui
320 739 357 768 et
385 742 529 779 magna
557 742 692 768 manes
722 737 778 767 ter
805 742 901 768 voce
931 730 1074 768 vocavi.

112 790 269 828 Nomen
297 797 334 827 et
362 803 467 828 arma
494 790 624 827 locum
653 796 825 835 servant3
865 797 912 835 te,
943 790 1076 833 amice,
1108 789 1257 838 nequivi

112 850 336 898 conspicere
364 857 402 886 et
429 849 550 898 patria
578 849 771 886 decedens
800 860 948 897 ponere
978 847 1096 885 terra.¹

111 909 175 945 Ad
203 921 301 957 quae
331 908 560 945 Priamides:
606 911 614 926 ‘
632 907 738 944 Nihil
767 920 791 945 o
822 908 899 952 tibi,
930 908 1066 953 amice,
1096 907 1288 952 relictum;

112 969 243 1005 omnia
272 967 481 1016 Deiphobo
512 967 653 1004 solvisti
682 975 719 1004 et
748 967 891 1004 funeris
920 968 1075 1004 umbris.

113 1026 190 1064 Sed
217 1039 280 1064 me
309 1026 385 1064 fata
413 1038 502 1063 mea
529 1034 567 1063 et
596 1026 720 1064 scelus
749 1027 899 1064 exitiale
930 1027 1135 1064 Lacaenae

112 1086 170 1123 his
199 1098 364 1123 mersere
393 1085 522 1130 malis;
564 1085 624 1122 illa
653 1085 749 1123 haec
778 1086 1021 1123 monimenta
1050 1086 1207 1135 reliquit.

112 1145 292 1194 Namque
321 1152 362 1182 ut
391 1157 611 1194 supremam
642 1145 736 1182 falsa
765 1145 861 1182 inter
890 1145 1030 1194 gaudia
1060 1153 1216 1182 noctem

112 1205 313 1253 egerimus,
344 1205 467 1250 nosti;
508 1211 546 1241 et
574 1205 735 1241 nimium
765 1205 986 1241 meminisse
1015 1216 1173 1241 necesse
1204 1211 1270 1240 est.

113 1263 212 1302 Cum
242 1263 364 1300 fatalis
393 1275 516 1312 equus
544 1263 640 1300 saltu
669 1275 784 1312 super
812 1264 930 1301 ardua
959 1264 1060 1300 venit

113 1324 302 1372 Pergama
329 1330 366 1360 et
395 1329 582 1360 armatum
612 1323 780 1371 peditem
809 1323 932 1372 gravis
962 1323 1084 1360 attulit
1113 1323 1207 1368 alvo,

113 1382 175 1420 illa
203 1382 363 1420 chorum
392 1382 574 1419 simulans
604 1389 760 1419 evantes
789 1382 898 1431 orgia
928 1383 1072 1419 circum

114 1442 277 1479 ducebat
305 1441 512 1489 Phrygias;
554 1441 752 1478 flammam
780 1442 908 1478 media
938 1442 1021 1490 ipsa
1050 1442 1204 1477 tenebat

114 1502 310 1549 ingentem
338 1507 376 1537 et
405 1512 558 1537 summa
586 1499 750 1549 Danaos*
777 1512 826 1537 ex
855 1512 940 1537 arce
970 1500 1140 1536 vocabat.

114 1561 220 1598 Turn
248 1573 309 1597 me
338 1559 559 1597 confectum
587 1560 684 1597 curis
715 1571 933 1609 somnoque
963 1566 1164 1608 gravatum

115 1619 242 1657 infelix
271 1619 403 1656 habuit
432 1619 620 1656 thalamus
648 1619 861 1667 pressitque
892 1619 1084 1655 iacentem

114 1679 234 1716 dulcis
263 1685 300 1715 et
328 1678 403 1715 alta
431 1678 539 1726 quies
569 1678 818 1727 placidaeque
847 1677 1038 1715 simillima
1066 1677 1190 1714 morti.

114 1738 281 1786 Egregia
309 1738 454 1774 interea
482 1738 652 1774 coniunx
681 1749 788 1774 arma
817 1737 950 1774 omnia
977 1737 1087 1774 tectis

115 1804 276 1841 emovet,
306 1803 344 1833 et
373 1796 493 1833 fidum
523 1797 637 1845 capiti
668 1796 903 1833 subduxerat
933 1808 1088 1841 ensem;

115 1858 211 1894 intra
239 1862 338 1894 tecta
365 1863 477 1892 vocat
507 1855 733 1893 Menelaum
763 1863 799 1893 et
827 1856 958 1892 limina
987 1855 1132 1904 pandit,

116 1915 259 1954 scilicet
286 1914 325 1952 id
353 1926 540 1963 magnum
570 1927 729 1964 sperans
759 1914 839 1951 fore
867 1926 1008 1951 munus
1037 1914 1182 1950 amanti

116 1984 154 2014 et
182 1977 324 2014 famam
352 1977 543 2026 exstingui
572 1985 744 2014 veterum
775 1977 828 2013 sic
858 1988 975 2025 posse
1006 1975 1209 2013 malorum.

117 2036 224 2083 Quid
251 2036 406 2072 moror?
445 2035 666 2084 Irrumpunt
694 2035 877 2080 thalamo,
908 2046 1040 2072 comes
1069 2035 1220 2072 additus
1251 2047 1327 2072 una

116 2096 287 2132 hortator
316 2094 502 2132 scelerum
532 2095 726 2133 Aeolides.
783 2094 845 2140 Di,
877 2094 966 2131 talia
995 2093 1123 2131 Graiis

116 2155 333 2198 instaurate,
363 2154 428 2203 pio
457 2154 489 2191 si
517 2166 664 2203 poenas
693 2165 761 2191 ore
789 2165 965 2202 reposco.

118 2214 196 2252 Sed
223 2220 260 2250 te
289 2213 354 2261 qui
383 2213 509 2249 vivum
540 2225 660 2258 casus,
691 2225 762 2261 age
793 2212 870 2249 fare
899 2212 1077 2257 vicissim,

116 2270 558 2320 attulerint.†‚Pelagine
587 2272 693 2309 venis
722 2271 913 2308 erroribus
943 2278 1051 2307 actus

117 2344 168 2370 an
195 2331 346 2369 monitu
375 2330 530 2368 divum?
570 2342 620 2367 an
649 2341 747 2379 quae
778 2337 814 2366 te
843 2330 1014 2366 Fortuna
1043 2330 1187 2379 fatigat,

116 2397 158 2428 ut
184 2390 308 2427 tristes
337 2389 419 2427 sine
448 2389 528 2426 sole
557 2389 708 2433 domos,
739 2388 824 2425 loca
852 2388 1012 2434 turbida,
1045 2389 1215 2426 adires?’

118 2448 206 2486 Hac
235 2449 315 2486 vice
345 2459 568 2486 sermonum
597 2448 718 2486 roseis
749 2448 900 2485 Aurora
929 2447 1124 2497 quadrigis

1424 91 1500 131 199

1440 387 1502 418 500

1442 683 1502 714 505

1441 1278 1502 1308 515

1447 2167 1510 2198 530

1447 2462 1507 2493 535
