1669 2737
480 539 1149 602 GEORGICA.

519 725 709 767 LIBER
751 725 1104 767 SECUNDUS.

123 845 336 884 HACTENUS
364 857 540 884 arvorum
569 846 690 884 cultus
720 852 757 883 et
785 846 909 884 sidera
939 846 1053 892 caeli;

121 917 224 942 nunc
254 913 302 950 te,
333 905 498 951 Bacche,
529 918 678 951 canam,
709 918 781 943 nec
810 918 891 943 non
920 905 1102 943 silvestria
1131 911 1257 942 tecum

121 965 280 1013 virgulta
309 972 347 1002 et
374 965 522 1014 prolem
550 965 656 1003 tarde
685 965 888 1002 crescentis
909 965 1040 1002 olivae.

123 1023 225 1069 Huc,
256 1031 363 1073 pater
391 1036 415 1061 o
445 1023 596 1062 Lenaee
625 1023 716 1075 (tuis
745 1025 806 1062 hic
836 1025 969 1062 omnia
999 1025 1112 1073 plena

121 1084 356 1130 muneribus,
386 1084 453 1122 tibi
481 1084 690 1134 pampineo
719 1084 896 1133 gravidus
926 1090 1110 1121 autumno

121 1141 232 1179 floret
259 1155 359 1192 ager,
390 1150 543 1193 spumat
570 1143 693 1192 plenis
722 1143 914 1180 vindemia
942 1141 1083 1191 labris),

121 1200 208 1247 huc,
236 1209 344 1251 pater
372 1213 396 1240 0
426 1202 590 1247 Lenaee,
621 1202 719 1247 veni,
749 1202 969 1250 nudataque
998 1208 1125 1238 musto

122 1261 253 1309 tingue
282 1274 384 1299 novo
413 1274 567 1300 mecum
597 1261 762 1310 dereptis
792 1273 900 1298 crura
931 1260 1135 1298 cothurnis.

177 1319 368 1370 Principio
398 1322 596 1359 arboribus
624 1322 724 1359 varia
753 1328 810 1358 est
838 1326 973 1357 natura
1002 1319 1186 1356 creandis.

125 1377 305 1428 Namque
335 1380 431 1418 aliae
459 1380 569 1417 nullis
598 1379 801 1417 hominum
832 1379 1060 1428 cogentibus
1090 1379 1194 1427 ipsae

123 1446 262 1487 sponte
291 1452 361 1477 sua
388 1440 545 1476 veniunt
574 1451 809 1488 camposque
838 1446 875 1476 et
903 1438 1063 1475 flumina
1091 1438 1164 1474 late

124 1509 238 1535 curva
267 1506 408 1545 tenent,
437 1506 479 1536 ut
507 1499 622 1536 molle
652 1498 738 1536 siler
765 1498 968 1547 lentaeque
998 1497 1168 1546 genistae

122 1557 289 1607 populus
318 1565 356 1595 et
382 1557 519 1607 glauca
548 1557 723 1595 canentia
752 1556 888 1594 fronde
918 1557 1071 1601 salicta;

123 1629 210 1666 pars
239 1624 368 1654 autem
396 1618 522 1666 posito
552 1622 712 1666 surgunt
741 1616 788 1654 de
817 1617 973 1661 semine,
1003 1623 1044 1652 ut
1074 1615 1168 1653 altae

124 1683 337 1722 castaneae,
367 1688 646 1725 nemorumque
676 1675 758 1713 Iovi
787 1687 885 1724 quae
915 1674 1084 1711 maxima
1114 1673 1265 1712 frondet

125 1735 308 1780 aesculus,
339 1741 453 1785 atque
482 1735 633 1772 habitae
663 1733 788 1772 Graiis
817 1733 974 1771 oracula
1003 1745 1177 1782 quercus.

125 1794 286 1833 Pullulat
314 1796 364 1833 ab
391 1795 517 1832 radice
547 1794 628 1832 aliis
657 1794 884 1831 densissima
913 1793 1014 1838 silva,

124 1861 166 1892 ut
194 1855 334 1892 cerasis
363 1854 554 1903 ulmisque
570 1866 581 1900 ;
621 1854 737 1891 etiam
766 1853 949 1890 Parnasia
977 1852 1102 1890 laurus

125 1926 241 1963 parva
269 1915 341 1951 sub
368 1914 516 1962 ingenti
545 1914 677 1950 matris
708 1925 747 1950 se
778 1912 927 1950 subiicit
955 1912 1101 1949 umbra.

126 1972 215 2011 Hos
243 1980 378 2010 natura
405 1973 546 2010 modos
575 1972 741 2021 primurn
771 1971 884 2015 dedit,
914 1970 973 2008 his
1003 1983 1126 2019 genus
1156 1982 1271 2007 omne

126 2033 304 2070 silvarum
332 2031 583 2081 fruticumque
612 2032 704 2068 viret
732 2042 1011 2079 nemorumque
1042 2042 1247 2067 sacrorum.

182 2091 278 2130 Sunt
307 2092 415 2138 aliae,
446 2104 541 2141 quas
569 2092 653 2140 ipse
681 2091 759 2128 vias
789 2090 860 2127 sibi
889 2090 1053 2139 repperit
1080 2102 1182 2127 usus.

127 2151 205 2189 Hic
232 2151 382 2201 plantas
410 2158 543 2188 tenero
573 2150 803 2187 abscindens
834 2149 880 2186 de
907 2160 1068 2197 corpore
1097 2156 1261 2185 matrum

127 2211 306 2259 deposuit
334 2210 460 2256 sulcis,
490 2210 551 2247 hic
581 2210 716 2258 stirpes
746 2209 872 2246 obruit
901 2220 990 2245 arvo

128 2270 437 2319 quadrifidasque
466 2269 580 2307 sudes
609 2276 646 2306 et
675 2275 787 2306 acuto
817 2268 954 2304 robore
983 2267 1112 2304 vallos.

130 2329 391 2378 Silvarumque
420 2328 514 2365 aliae
543 2339 698 2377 pressos
726 2326 950 2375 propaginis
979 2338 1090 2364 arcus

128 2394 350 2437 exspectant
373 2394 411 2425 et
438 2388 522 2424 viva
551 2399 621 2424 sua
648 2386 834 2435 plantaria
861 2392 959 2421 terra
974 2398 984 2431 3

129 2447 182 2485 nil
209 2447 344 2484 radicis
371 2453 485 2496 egent
515 2446 619 2491 aliae,
650 2456 921 2493 summumque
949 2451 1102 2493 putator

1474 1394 1512 1417 10

1477 1985 1516 2006 20
