1669 2737
608 89 776 123 LIBER
813 89 876 124 VI.
914 84 1033 124 1—68.

126 209 241 235 caeca
267 209 405 247 regens
432 197 497 235 filo
528 198 696 247 vestigia.
754 197 817 235 Tu
847 209 1001 247 quoque
1030 209 1211 246 magnam

124 263 272 305 partem
301 268 415 305 opere
443 257 483 293 in
511 263 627 302 tanto,
659 257 795 294 sineret
824 256 944 300 dolor,
976 256 1093 302 Icare,
1124 255 1296 293 haberes.

124 314 189 352 Bis
218 320 379 352 conatus
407 322 485 352 erat
514 327 624 353 casus
655 315 833 364 effingere
860 316 900 351 in
929 327 1034 360 auro,

123 373 182 411 bis
210 374 352 422 patriae
383 374 553 412 cecidere
582 386 730 412 manus.
789 374 893 420 Quin
923 375 1095 423 protinus
1124 374 1255 411 omnia

123 432 359 482 perlegerent
388 433 518 478 oculis,
548 433 587 469 ni
615 434 691 470 iam
720 434 948 481 praemissus
978 433 1146 471 Achates

123 491 258 528 afforet
287 499 401 541 atque
429 504 506 529 una
534 492 681 529 Phoebi
710 492 936 541 Triviaeque
966 493 1158 537 sacerdos,

123 549 327 598 Deiphobe
357 550 500 596 Glauci,
532 551 630 588 fatur
658 563 756 600 quae
785 551 873 588 talia
901 552 1004 600 regi:

124 607 239 645 ‘Non
267 607 342 646 hoc
369 610 440 647 ista
469 610 539 647 sibi
568 616 719 658 tempus
749 610 966 659 spectacula
994 611 1141 659 poscit:

121 680 224 706 nunc
252 682 369 719 grege
397 672 445 708 de
471 670 612 707 intacto
644 676 790 718 septem
819 678 986 707 mactare
1015 671 1197 708 iuvencos

121 729 360 777 praestiterit,
389 730 549 767 totidem
577 729 694 766 lectas
723 729 770 766 de
798 741 906 766 more
936 730 1132 767 bidentes!

121 787 282 826 Talibus
310 789 425 826 affata
453 790 613 826 Aenean
644 787 731 838 (nec
760 801 868 826 sacra
895 796 1091 826 morantur

121 846 222 884 iussa
250 847 331 898 viri)
362 849 538 886 Teucros
566 856 677 885 vocat
706 848 780 885 alta
808 848 846 884 in
876 848 1019 897 templa
1048 848 1301 889 sacerdosfl?-

173 906 358 944 Excisum
385 908 581 945 Euboicae
610 908 706 944 latus
735 908 870 956 ingens
900 909 1003 956 rupis
1031 908 1069 944 in
1098 896 1298 953 antrunffff‘

120 977 198 1014 quo
226 965 290 1003 lati
318 967 462 1005 ducunt
490 967 614 1005 aditus
643 973 806 1012 centum,
837 968 933 1004 ostia
963 975 1138 1012 centum;

119 1024 221 1062 unde
249 1032 363 1063 ruunt
391 1026 549 1064 totidem
578 1038 703 1070 voces,
733 1038 920 1074 responsa
950 1027 1122 1075 Sibyllae.

119 1083 291 1122 Ventum
319 1092 396 1124 erat
425 1086 473 1123 ad
500 1086 626 1131 limen,
657 1098 745 1123 cum
773 1087 878 1134 virgo
921 1086 1106 1123 ‘Poscere
1134 1086 1211 1123 fata

118 1144 292 1193 tempus'
322 1146 398 1182 ait:
439 1144 579 1190 ‘Deus,
609 1157 710 1190 ecce,
741 1144 873 1182 deusl’
931 1144 1003 1182 Cui
1031 1146 1119 1182 talia
1149 1145 1240 1182 fanti

118 1209 205 1241 ante
234 1203 333 1241 fores
362 1205 487 1241 subito
517 1216 597 1241 non
625 1204 760 1248 vultus,
789 1216 869 1241 non
899 1204 1005 1241 color
1034 1217 1142 1250 unus,

117 1273 198 1299 non
227 1270 404 1312 comptae
433 1275 608 1301 mansere
637 1275 794 1308 comae;
835 1264 903 1300 sed
932 1272 1064 1313 pectus
1094 1263 1282 1309 anhelum,

117 1328 154 1358 et
182 1323 284 1360 rabie
313 1323 392 1360 fera
421 1323 538 1360 corda
566 1330 737 1369 tument·;
778 1324 976 1372 maiorque
1006 1323 1121 1360 videri

117 1392 189 1418 nec
217 1382 377 1419 mortale
406 1393 559 1426 sonans,
589 1376 723 1418 afflata
741 1388 798 1418 est
826 1383 981 1418 numine
1012 1382 1168 1430 quando

116 1440 193 1476 iam
221 1441 399 1489 propiore
429 1440 498 1478 dei.
557 1440 717 1478 ‘Cessas
746 1441 785 1477 in
813 1448 900 1478 vota
929 1439 1148 1490 precesque,

116 1498 237 1536 Tros’
267 1500 318 1536 ait
347 1500 512 1544 ‘Aenea‚
543 1500 695 1537 cessas?
734 1512 860 1548 neque
889 1500 992 1536 enim
1021 1507 1109 1537 ante
1139 1500 1336 1538 dehiscent

116 1558 298 1596 attonitae
326 1570 469 1607 magna
497 1570 565 1595 ora
593 1558 754 1595 domus.’
811 1558 860 1595 Et
888 1558 975 1595 talia
1004 1558 1081 1596 fata

116 1617 306 1654 conticuit.
365 1616 524 1655 Gelidus
554 1617 716 1654 Teucris
743 1629 811 1665 per
839 1617 931 1654 dura
960 1619 1122 1655 cucurrit

115 1687 204 1713 ossa
231 1683 382 1722 tremor,
410 1675 608 1725 funditque
638 1688 771 1725 preces
800 1689 866 1714 rex
895 1683 1049 1725 pectore
1079 1678 1127 1714 ab
1156 1678 1258 1714 imo:

117 1737 126 1755 ‘
136 1734 303 1780 Phoebe,
333 1746 467 1783 graves
497 1734 639 1772 Troiae
669 1746 821 1783 semper
849 1735 1023 1773 miserate
1053 1736 1214 1781 labores,

114 1793 295 1831 Dardana
323 1794 388 1843 qui
417 1793 561 1831 Paridis
591 1793 725 1830 direxti
754 1794 828 1830 tela
856 1806 1070 1843 manusque

115 1864 255 1903 corpus
283 1853 323 1890 in
352 1853 555 1898 Aeacidae,
585 1865 747 1901 magnas
777 1854 958 1890 obeuntia
986 1860 1105 1891 terras

114 1919 170 1949 tot
198 1913 315 1950 maria
343 1912 476 1949 intravi
504 1912 600 1949 duce
630 1919 666 1949 te
695 1913 923 1962 penitusque
952 1920 1124 1961 repostas

115 1970 329 2020 Massylum
357 1978 492 2020 gentes
520 1978 793 2020 praetentaque
822 1970 992 2020 Syrtibus
1021 1984 1127 2016 arva;

113 2030 191 2066 iam
219 2030 375 2068 tandem
404 2030 536 2067 Italiae
565 2030 753 2078 fugientes
782 2031 1006 2079 prendimus
1035 2042 1119 2069 oras
1134 2044 1143 2077 ;

113 2088 186 2127 hac
213 2089 383 2127 Troiana
410 2095 520 2126 tenus
549 2089 658 2126 fuerit
687 2089 856 2127 Fortuna
885 2097 1023 2127 secuta.

114 2148 199 2185 Vos
228 2159 381 2197 quoque
408 2147 641 2196 Pergameae
669 2148 746 2185 iam
775 2147 833 2186 fas
863 2155 919 2185 est
947 2161 1103 2197 parcere
1132 2150 1248 2198 genti,

115 2207 228 2256 dique
257 2206 427 2256 deaeque
456 2219 605 2251 omnes,
635 2207 771 2255 quibus
801 2207 943 2244 obstitit
972 2207 1084 2244 Ilium
1114 2215 1151 2245 et
1180 2209 1317 2258 ingens

113 2266 234 2315 gloria
261 2265 487 2303 Dardaniae.
546 2265 697 2315 Tuque,
727 2277 751 2303 o
781 2266 1020 2303 sanctissima
1047 2274 1160 2312 vates,

112 2324 285 2374 praescia
312 2325 468 2370 venturi,
498 2325 547 2362 da
576 2323 674 2374 (non
702 2324 871 2361 indebita
900 2336 1021 2373 posco

112 2395 234 2433 regna
261 2384 357 2420 meis
385 2382 485 2434 fatis)
514 2383 624 2421 Latio
654 2383 853 2421 considere
882 2384 1055 2422 Teucros

113 2449 359 2492 errantesque
388 2442 482 2480 deos
511 2444 727 2493 agitataque
757 2443 915 2480 numina
944 2443 1095 2482 Troiae.

1460 1102 1499 1132 45

1457 1980 1497 2011 60
