<?xml version="1.0" encoding="UTF-8"?>
<!DOCTYPE html PUBLIC "-//W3C//DTD XHTML 1.0 Transitional//EN"
    "http://www.w3.org/TR/xhtml1/DTD/xhtml1-transitional.dtd">
<html xmlns="http://www.w3.org/1999/xhtml" xml:lang="en" lang="en">
 <head>
  <title>
</title>
<meta http-equiv="Content-Type" content="text/html;charset=utf-8" />
  <meta name='ocr-system' content='tesseract 3.04.00' />
  <meta name='ocr-capabilities' content='ocr_page ocr_carea ocr_par ocr_line ocrx_word'/>
</head>
<body>
  <div class='ocr_page' id='page_1' title='image "./operavirgilwithi01virguoft/operavirgilwithi01virguoft_0176.png"; bbox 0 0 1669 2737; ppageno 0'>
   <div class='ocr_carea' id='block_1_1' title="bbox 158 80 960 123">
    <p class='ocr_par' dir='ltr' id='par_1_1' title="bbox 158 80 960 123">
     <span class='ocr_line' id='line_1_1' title="bbox 158 80 960 123; baseline 0.002 -2"><span class='ocrx_word' id='word_1_1' title='bbox 158 80 236 121; x_wconf 91' lang='lat'>108</span> <span class='ocrx_word' id='word_1_2' title='bbox 733 88 960 123; x_wconf 87' lang='lat' dir='ltr'><em>AENEIS.</em></span> 
     </span>
    </p>
   </div>
   <div class='ocr_carea' id='block_1_2' title="bbox 153 194 1394 2500">
    <p class='ocr_par' dir='ltr' id='par_1_2' title="bbox 154 194 1120 247">
     <span class='ocr_line' id='line_1_2' title="bbox 154 194 1120 247; baseline 0.004 -16"><span class='ocrx_word' id='word_1_3' title='bbox 154 194 245 244; x_wconf 89' lang='lat' dir='ltr'>Ipse</span> <span class='ocrx_word' id='word_1_4' title='bbox 274 196 355 234; x_wconf 92' lang='lat' dir='ltr'>viro</span> <span class='ocrx_word' id='word_1_5' title='bbox 383 197 527 246; x_wconf 90' lang='lat' dir='ltr'>primus</span> <span class='ocrx_word' id='word_1_6' title='bbox 556 196 726 235; x_wconf 87' lang='lat' dir='ltr'>manicas</span> <span class='ocrx_word' id='word_1_7' title='bbox 755 204 869 247; x_wconf 90' lang='lat' dir='ltr'>atque</span> <span class='ocrx_word' id='word_1_8' title='bbox 899 204 979 235; x_wconf 89' lang='lat' dir='ltr'>arta</span> <span class='ocrx_word' id='word_1_9' title='bbox 1007 197 1120 236; x_wconf 90' lang='lat' dir='ltr'>levari</span> 
     </span>
    </p>

    <p class='ocr_par' dir='ltr' id='par_1_3' title="bbox 153 254 1394 661">
     <span class='ocr_line' id='line_1_3' title="bbox 153 254 1230 306; baseline 0.004 -16"><span class='ocrx_word' id='word_1_10' title='bbox 153 254 277 292; x_wconf 90' lang='lat' dir='ltr'>vincla</span> <span class='ocrx_word' id='word_1_11' title='bbox 305 256 408 294; x_wconf 87' lang='lat' dir='ltr'>iubet</span> <span class='ocrx_word' id='word_1_12' title='bbox 437 256 621 302; x_wconf 86' lang='lat' dir='ltr'><strong>Priamus,</strong></span> <span class='ocrx_word' id='word_1_13' title='bbox 651 257 838 306; x_wconf 82' lang='lat' dir='ltr'>dictisque</span> <span class='ocrx_word' id='word_1_14' title='bbox 867 257 917 294; x_wconf 91' lang='lat' dir='ltr'>ita</span> <span class='ocrx_word' id='word_1_15' title='bbox 947 257 1044 294; x_wconf 89' lang='lat' dir='ltr'>fatur</span> <span class='ocrx_word' id='word_1_16' title='bbox 1072 258 1230 296; x_wconf 83' lang='lat' dir='ltr'>amicis:</span> 
     </span>
     <span class='ocr_line' id='line_1_4' title="bbox 155 312 1319 363; baseline 0.002 -12"><span class='ocrx_word' id='word_1_17' title='bbox 155 312 375 363; x_wconf 88' lang='lat' dir='ltr'>“Quisquis</span> <span class='ocrx_word' id='word_1_18' title='bbox 404 328 456 360; x_wconf 85' lang='lat' dir='ltr'>es,</span> <span class='ocrx_word' id='word_1_19' title='bbox 487 316 650 353; x_wconf 90' lang='lat' dir='ltr'>amissos</span> <span class='ocrx_word' id='word_1_20' title='bbox 680 316 769 353; x_wconf 90' lang='lat' dir='ltr'>hinc</span> <span class='ocrx_word' id='word_1_21' title='bbox 798 316 876 353; x_wconf 91' lang='lat' dir='ltr'>iam</span> <span class='ocrx_word' id='word_1_22' title='bbox 904 317 1124 354; x_wconf 83' lang='lat' dir='ltr'><strong>obliviscere</strong></span> <span class='ocrx_word' id='word_1_23' title='bbox 1155 316 1319 363; x_wconf 88' lang='lat' dir='ltr'>Graios;</span> 
     </span>
     <span class='ocr_line' id='line_1_5' title="bbox 153 374 1264 424; baseline 0.003 -14"><span class='ocrx_word' id='word_1_24' title='bbox 153 379 283 410; x_wconf 89' lang='lat' dir='ltr'>noster</span> <span class='ocrx_word' id='word_1_25' title='bbox 311 374 395 411; x_wconf 91' lang='lat' dir='ltr'>eris.</span> <span class='ocrx_word' id='word_1_26' title='bbox 453 374 626 424; x_wconf 83' lang='lat' dir='ltr'>Mihique</span> <span class='ocrx_word' id='word_1_27' title='bbox 655 375 750 413; x_wconf 89' lang='lat' dir='ltr'>haec</span> <span class='ocrx_word' id='word_1_28' title='bbox 780 375 944 413; x_wconf 85' lang='lat' dir='ltr'>edissere</span> <span class='ocrx_word' id='word_1_29' title='bbox 973 388 1061 413; x_wconf 91' lang='lat' dir='ltr'>vera</span> <span class='ocrx_word' id='word_1_30' title='bbox 1090 376 1264 424; x_wconf 81' lang='lat' dir='ltr'>roganti:</span> 
     </span>
     <span class='ocr_line' id='line_1_6' title="bbox 153 433 1394 484; baseline -0.001 -14"><span class='ocrx_word' id='word_1_31' title='bbox 153 444 232 482; x_wconf 91' lang='lat' dir='ltr'>quo</span> <span class='ocrx_word' id='word_1_32' title='bbox 260 433 405 471; x_wconf 92' lang='lat' dir='ltr'>molem</span> <span class='ocrx_word' id='word_1_33' title='bbox 434 433 535 472; x_wconf 87' lang='lat' dir='ltr'>hanc</span> <span class='ocrx_word' id='word_1_34' title='bbox 563 435 743 472; x_wconf 88' lang='lat' dir='ltr'>immanis</span> <span class='ocrx_word' id='word_1_35' title='bbox 772 435 859 484; x_wconf 88' lang='lat' dir='ltr'>equi</span> <span class='ocrx_word' id='word_1_36' title='bbox 888 437 1080 472; x_wconf 83' lang='lat' dir='ltr'>statuere?</span> <span class='ocrx_word' id='word_1_37' title='bbox 1119 436 1205 484; x_wconf 89' lang='lat' dir='ltr'>quis</span> <span class='ocrx_word' id='word_1_38' title='bbox 1232 433 1394 472; x_wconf 86' lang='lat' dir='ltr'>auctor?</span> 
     </span>
     <span class='ocr_line' id='line_1_7' title="bbox 154 489 1382 543; baseline -0.001 -14"><span class='ocrx_word' id='word_1_39' title='bbox 154 491 292 540; x_wconf 90' lang='lat' dir='ltr'>quidve</span> <span class='ocrx_word' id='word_1_40' title='bbox 320 494 480 542; x_wconf 87' lang='lat' dir='ltr'>petunt?</span> <span class='ocrx_word' id='word_1_41' title='bbox 519 505 617 542; x_wconf 91' lang='lat' dir='ltr'>quae</span> <span class='ocrx_word' id='word_1_42' title='bbox 646 493 777 542; x_wconf 86' lang='lat' dir='ltr'>religio</span> <span class='ocrx_word' id='word_1_43' title='bbox 809 501 873 531; x_wconf 92' lang='lat' dir='ltr'>aut</span> <span class='ocrx_word' id='word_1_44' title='bbox 901 506 999 543; x_wconf 91' lang='lat' dir='ltr'>quae</span> <span class='ocrx_word' id='word_1_45' title='bbox 1028 494 1208 532; x_wconf 86' lang='lat' dir='ltr'>machina</span> <span class='ocrx_word' id='word_1_46' title='bbox 1236 489 1382 531; x_wconf 90' lang='lat' dir='ltr'>belli?’&#39;</span> 
     </span>
     <span class='ocr_line' id='line_1_8' title="bbox 154 550 1199 602; baseline 0.002 -14"><span class='ocrx_word' id='word_1_47' title='bbox 154 550 324 590; x_wconf 84' lang='lat' dir='ltr'>Dixerat.</span> <span class='ocrx_word' id='word_1_48' title='bbox 381 552 459 598; x_wconf 91' lang='lat' dir='ltr'>Ille,</span> <span class='ocrx_word' id='word_1_49' title='bbox 490 552 587 590; x_wconf 93' lang='lat' dir='ltr'>dolis</span> <span class='ocrx_word' id='word_1_50' title='bbox 616 553 820 590; x_wconf 89' lang='lat' dir='ltr'>instructus</span> <span class='ocrx_word' id='word_1_51' title='bbox 848 560 886 601; x_wconf 83' lang='lat' dir='ltr'>et</span> <span class='ocrx_word' id='word_1_52' title='bbox 915 560 994 590; x_wconf 90' lang='lat' dir='ltr'>arte</span> <span class='ocrx_word' id='word_1_53' title='bbox 1023 553 1199 602; x_wconf 89' lang='lat' dir='ltr'>Pelasga,</span> 
     </span>
     <span class='ocr_line' id='line_1_9' title="bbox 155 611 1057 661; baseline 0.002 -13"><span class='ocrx_word' id='word_1_54' title='bbox 155 611 302 648; x_wconf 87' lang='lat' dir='ltr'>sustulit</span> <span class='ocrx_word' id='word_1_55' title='bbox 331 618 465 649; x_wconf 88' lang='lat' dir='ltr'>exutas</span> <span class='ocrx_word' id='word_1_56' title='bbox 495 612 625 649; x_wconf 91' lang='lat' dir='ltr'>vinclis</span> <span class='ocrx_word' id='word_1_57' title='bbox 655 613 705 649; x_wconf 90' lang='lat' dir='ltr'>ad</span> <span class='ocrx_word' id='word_1_58' title='bbox 734 612 857 649; x_wconf 88' lang='lat' dir='ltr'>sidera</span> <span class='ocrx_word' id='word_1_59' title='bbox 885 612 1057 661; x_wconf 88' lang='lat' dir='ltr'>palmas:</span> 
     </span>
    </p>

    <p class='ocr_par' dir='ltr' id='par_1_4' title="bbox 155 669 1238 839">
     <span class='ocr_line' id='line_1_10' title="bbox 157 669 1186 720; baseline 0.001 -13"><span class='ocrx_word' id='word_1_60' title='bbox 157 673 177 689; x_wconf 90' lang='lat'><strong>“</strong></span> <span class='ocrx_word' id='word_1_61' title='bbox 191 669 286 716; x_wconf 88' lang='lat' dir='ltr'>Vos,</span> <span class='ocrx_word' id='word_1_62' title='bbox 316 671 460 708; x_wconf 87' lang='lat' dir='ltr'>aeterni</span> <span class='ocrx_word' id='word_1_63' title='bbox 489 672 609 720; x_wconf 82' lang='lat' dir='ltr'>ignes,</span> <span class='ocrx_word' id='word_1_64' title='bbox 639 678 677 709; x_wconf 90' lang='lat' dir='ltr'>et</span> <span class='ocrx_word' id='word_1_65' title='bbox 705 683 785 708; x_wconf 90' lang='lat' dir='ltr'>non</span> <span class='ocrx_word' id='word_1_66' title='bbox 814 671 989 710; x_wconf 86' lang='lat' dir='ltr'>violabile</span> <span class='ocrx_word' id='word_1_67' title='bbox 1019 678 1186 709; x_wconf 90' lang='lat' dir='ltr'>vestrum</span> 
     </span>
     <span class='ocr_line' id='line_1_11' title="bbox 155 730 1238 779; baseline 0.001 -13"><span class='ocrx_word' id='word_1_68' title='bbox 155 736 273 767; x_wconf 90' lang='lat' dir='ltr'>testor</span> <span class='ocrx_word' id='word_1_69' title='bbox 301 742 445 767; x_wconf 90' lang='lat' dir='ltr'>numen</span> <span class='ocrx_word' id='word_1_70' title='bbox 458 730 478 744; x_wconf 91' lang='lat'>&#39;’</span> <span class='ocrx_word' id='word_1_71' title='bbox 509 731 570 776; x_wconf 89' lang='lat' dir='ltr'>ait,</span> <span class='ocrx_word' id='word_1_72' title='bbox 602 734 705 767; x_wconf 91' lang='lat' dir='ltr'>“vos</span> <span class='ocrx_word' id='word_1_73' title='bbox 734 742 822 767; x_wconf 91' lang='lat' dir='ltr'>arae</span> <span class='ocrx_word' id='word_1_74' title='bbox 852 743 1040 779; x_wconf 88' lang='lat' dir='ltr'>ensesque</span> <span class='ocrx_word' id='word_1_75' title='bbox 1069 730 1238 778; x_wconf 90' lang='lat' dir='ltr'>nefandi,</span> 
     </span>
     <span class='ocr_line' id='line_1_12' title="bbox 155 788 1180 839; baseline 0.002 -14"><span class='ocrx_word' id='word_1_76' title='bbox 155 800 254 837; x_wconf 93' lang='lat' dir='ltr'>quos</span> <span class='ocrx_word' id='word_1_77' title='bbox 283 788 373 837; x_wconf 87' lang='lat' dir='ltr'>fugi,</span> <span class='ocrx_word' id='word_1_78' title='bbox 403 789 591 838; x_wconf 86' lang='lat' dir='ltr'>vittaeque</span> <span class='ocrx_word' id='word_1_79' title='bbox 621 789 748 835; x_wconf 87' lang='lat' dir='ltr'>deum,</span> <span class='ocrx_word' id='word_1_80' title='bbox 779 801 875 839; x_wconf 91' lang='lat' dir='ltr'>quas</span> <span class='ocrx_word' id='word_1_81' title='bbox 904 789 1029 827; x_wconf 90' lang='lat' dir='ltr'>hostia</span> <span class='ocrx_word' id='word_1_82' title='bbox 1056 790 1180 838; x_wconf 88' lang='lat' dir='ltr'>gessi:</span> 
     </span>
    </p>

    <p class='ocr_par' dir='ltr' id='par_1_5' title="bbox 155 846 1078 894">
     <span class='ocr_line' id='line_1_13' title="bbox 155 846 1078 894; baseline 0.001 -10"><span class='ocrx_word' id='word_1_83' title='bbox 155 847 212 885; x_wconf 88' lang='lat' dir='ltr'>fas</span> <span class='ocrx_word' id='word_1_84' title='bbox 240 847 333 884; x_wconf 91' lang='lat' dir='ltr'>mihi</span> <span class='ocrx_word' id='word_1_85' title='bbox 363 846 566 885; x_wconf 90' lang='lat' dir='ltr'>Graiorum</span> <span class='ocrx_word' id='word_1_86' title='bbox 596 856 743 885; x_wconf 88' lang='lat' dir='ltr'>sacrata</span> <span class='ocrx_word' id='word_1_87' title='bbox 771 848 957 886; x_wconf 90' lang='lat' dir='ltr'>resolvere</span> <span class='ocrx_word' id='word_1_88' title='bbox 986 849 1078 894; x_wconf 89' lang='lat' dir='ltr'>iura,</span> 
     </span>
    </p>

    <p class='ocr_par' dir='ltr' id='par_1_6' title="bbox 155 905 1190 956">
     <span class='ocr_line' id='line_1_14' title="bbox 155 905 1190 956; baseline 0 -12"><span class='ocrx_word' id='word_1_89' title='bbox 155 905 213 944; x_wconf 86' lang='lat' dir='ltr'>fas</span> <span class='ocrx_word' id='word_1_90' title='bbox 241 906 369 944; x_wconf 91' lang='lat' dir='ltr'>odisse</span> <span class='ocrx_word' id='word_1_91' title='bbox 398 907 510 952; x_wconf 91' lang='lat' dir='ltr'>viros,</span> <span class='ocrx_word' id='word_1_92' title='bbox 541 914 654 956; x_wconf 92' lang='lat' dir='ltr'>atque</span> <span class='ocrx_word' id='word_1_93' title='bbox 684 908 815 944; x_wconf 88' lang='lat' dir='ltr'>omnia</span> <span class='ocrx_word' id='word_1_94' title='bbox 843 907 939 944; x_wconf 89' lang='lat' dir='ltr'>ferre</span> <span class='ocrx_word' id='word_1_95' title='bbox 969 909 1040 945; x_wconf 90' lang='lat' dir='ltr'>sub</span> <span class='ocrx_word' id='word_1_96' title='bbox 1070 919 1190 952; x_wconf 86' lang='lat' dir='ltr'>auras,</span> 
     </span>
    </p>

    <p class='ocr_par' dir='ltr' id='par_1_7' title="bbox 155 966 1253 1372">
     <span class='ocr_line' id='line_1_15' title="bbox 156 966 1223 1017; baseline 0.001 -14"><span class='ocrx_word' id='word_1_97' title='bbox 156 967 187 1004; x_wconf 92' lang='lat' dir='ltr'>si</span> <span class='ocrx_word' id='word_1_98' title='bbox 215 978 292 1016; x_wconf 90' lang='lat' dir='ltr'>qua</span> <span class='ocrx_word' id='word_1_99' title='bbox 321 973 475 1016; x_wconf 89' lang='lat' dir='ltr'>tegunt;</span> <span class='ocrx_word' id='word_1_100' title='bbox 514 973 649 1004; x_wconf 90' lang='lat' dir='ltr'>teneor</span> <span class='ocrx_word' id='word_1_101' title='bbox 678 967 822 1017; x_wconf 87' lang='lat' dir='ltr'>patriae</span> <span class='ocrx_word' id='word_1_102' title='bbox 851 979 923 1004; x_wconf 91' lang='lat' dir='ltr'>nec</span> <span class='ocrx_word' id='word_1_103' title='bbox 952 966 1099 1016; x_wconf 90' lang='lat' dir='ltr'>legibus</span> <span class='ocrx_word' id='word_1_104' title='bbox 1128 967 1223 1004; x_wconf 89' lang='lat' dir='ltr'>ullis.</span> 
     </span>
     <span class='ocr_line' id='line_1_16' title="bbox 155 1025 1184 1075; baseline 0 -13"><span class='ocrx_word' id='word_1_105' title='bbox 155 1025 221 1063; x_wconf 92' lang='lat' dir='ltr'>Tu</span> <span class='ocrx_word' id='word_1_106' title='bbox 249 1026 368 1063; x_wconf 92' lang='lat' dir='ltr'>modo</span> <span class='ocrx_word' id='word_1_107' title='bbox 398 1026 595 1075; x_wconf 86' lang='lat' dir='ltr'>promissis</span> <span class='ocrx_word' id='word_1_108' title='bbox 624 1038 782 1063; x_wconf 86' lang='lat' dir='ltr'>maneas</span> <span class='ocrx_word' id='word_1_109' title='bbox 807 1033 1026 1075; x_wconf 86' lang='lat' dir='ltr'>servataque</span> <span class='ocrx_word' id='word_1_110' title='bbox 1057 1038 1184 1064; x_wconf 91' lang='lat' dir='ltr'>serves</span> 
     </span>
     <span class='ocr_line' id='line_1_17' title="bbox 156 1085 1253 1135; baseline -0.001 -12"><span class='ocrx_word' id='word_1_111' title='bbox 156 1085 275 1123; x_wconf 85' lang='lat' dir='ltr'>Troia</span> <span class='ocrx_word' id='word_1_112' title='bbox 304 1086 431 1131; x_wconf 89' lang='lat' dir='ltr'>fidem,</span> <span class='ocrx_word' id='word_1_113' title='bbox 463 1086 494 1123; x_wconf 92' lang='lat' dir='ltr'>si</span> <span class='ocrx_word' id='word_1_114' title='bbox 521 1098 610 1123; x_wconf 90' lang='lat' dir='ltr'>vera</span> <span class='ocrx_word' id='word_1_115' title='bbox 639 1085 770 1132; x_wconf 89' lang='lat' dir='ltr'>feram,</span> <span class='ocrx_word' id='word_1_116' title='bbox 801 1087 832 1123; x_wconf 91' lang='lat' dir='ltr'>si</span> <span class='ocrx_word' id='word_1_117' title='bbox 860 1098 1004 1135; x_wconf 88' lang='lat' dir='ltr'>magna</span> <span class='ocrx_word' id='word_1_118' title='bbox 1031 1085 1253 1134; x_wconf 88' lang='lat' dir='ltr'>rependam.</span> 
     </span>
     <span class='ocr_line' id='line_1_18' title="bbox 156 1144 1132 1195; baseline -0.001 -13"><span class='ocrx_word' id='word_1_119' title='bbox 156 1144 295 1182; x_wconf 89' lang='lat' dir='ltr'>Omnis</span> <span class='ocrx_word' id='word_1_120' title='bbox 325 1157 413 1194; x_wconf 89' lang='lat' dir='ltr'>spes</span> <span class='ocrx_word' id='word_1_121' title='bbox 441 1144 621 1183; x_wconf 90' lang='lat' dir='ltr'>Danaum</span> <span class='ocrx_word' id='word_1_122' title='bbox 650 1152 688 1183; x_wconf 92' lang='lat' dir='ltr'>et</span> <span class='ocrx_word' id='word_1_123' title='bbox 718 1145 846 1195; x_wconf 91' lang='lat' dir='ltr'>coepti</span> <span class='ocrx_word' id='word_1_124' title='bbox 876 1146 1016 1183; x_wconf 87' lang='lat' dir='ltr'>fiducia</span> <span class='ocrx_word' id='word_1_125' title='bbox 1044 1145 1132 1182; x_wconf 90' lang='lat' dir='ltr'>belli</span> 
     </span>
     <span class='ocr_line' id='line_1_19' title="bbox 155 1203 1207 1254; baseline -0.001 -13"><span class='ocrx_word' id='word_1_126' title='bbox 155 1204 319 1241; x_wconf 88' lang='lat' dir='ltr'>Palladis</span> <span class='ocrx_word' id='word_1_127' title='bbox 348 1204 495 1242; x_wconf 85' lang='lat' dir='ltr'>auxiliis</span> <span class='ocrx_word' id='word_1_128' title='bbox 524 1217 675 1254; x_wconf 89' lang='lat' dir='ltr'>semper</span> <span class='ocrx_word' id='word_1_129' title='bbox 704 1205 815 1242; x_wconf 86' lang='lat' dir='ltr'>stetit.</span> <span class='ocrx_word' id='word_1_130' title='bbox 872 1203 1021 1253; x_wconf 90' lang='lat' dir='ltr'>Impius</span> <span class='ocrx_word' id='word_1_131' title='bbox 1051 1217 1099 1241; x_wconf 91' lang='lat' dir='ltr'>ex</span> <span class='ocrx_word' id='word_1_132' title='bbox 1128 1214 1207 1252; x_wconf 89' lang='lat' dir='ltr'>quo</span> 
     </span>
     <span class='ocr_line' id='line_1_20' title="bbox 155 1262 1214 1314; baseline -0.001 -13"><span class='ocrx_word' id='word_1_133' title='bbox 155 1263 328 1314; x_wconf 91' lang='lat' dir='ltr'>Tydides</span> <span class='ocrx_word' id='word_1_134' title='bbox 357 1264 425 1301; x_wconf 92' lang='lat' dir='ltr'>sed</span> <span class='ocrx_word' id='word_1_135' title='bbox 454 1265 555 1301; x_wconf 92' lang='lat' dir='ltr'>enim</span> <span class='ocrx_word' id='word_1_136' title='bbox 585 1264 847 1313; x_wconf 87' lang='lat' dir='ltr'>scelerumque</span> <span class='ocrx_word' id='word_1_137' title='bbox 877 1265 1051 1301; x_wconf 89' lang='lat' dir='ltr'>inventor</span> <span class='ocrx_word' id='word_1_138' title='bbox 1081 1262 1214 1300; x_wconf 87' lang='lat' dir='ltr'>Ulixes</span> 
     </span>
     <span class='ocr_line' id='line_1_21' title="bbox 155 1323 1004 1372; baseline 0 -12"><span class='ocrx_word' id='word_1_139' title='bbox 155 1323 266 1361; x_wconf 88' lang='lat' dir='ltr'>fatale</span> <span class='ocrx_word' id='word_1_140' title='bbox 295 1324 466 1372; x_wconf 85' lang='lat' dir='ltr'>aggressi</span> <span class='ocrx_word' id='word_1_141' title='bbox 495 1329 641 1360; x_wconf 88' lang='lat' dir='ltr'>sacrato</span> <span class='ocrx_word' id='word_1_142' title='bbox 671 1323 830 1360; x_wconf 89' lang='lat' dir='ltr'>avellere</span> <span class='ocrx_word' id='word_1_143' title='bbox 858 1323 1004 1372; x_wconf 90' lang='lat' dir='ltr'>templo</span> 
     </span>
    </p>

    <p class='ocr_par' dir='ltr' id='par_1_8' title="bbox 155 1382 1239 1552">
     <span class='ocr_line' id='line_1_22' title="bbox 155 1382 1094 1420; baseline 0 -1"><span class='ocrx_word' id='word_1_144' title='bbox 155 1382 366 1420; x_wconf 90' lang='lat' dir='ltr'>Palladium</span> <span class='ocrx_word' id='word_1_145' title='bbox 396 1382 517 1420; x_wconf 86' lang='lat' dir='ltr'>caesis</span> <span class='ocrx_word' id='word_1_146' title='bbox 546 1394 719 1419; x_wconf 90' lang='lat' dir='ltr'>summae</span> <span class='ocrx_word' id='word_1_147' title='bbox 748 1382 970 1420; x_wconf 89' lang='lat' dir='ltr'>custodibus</span> <span class='ocrx_word' id='word_1_148' title='bbox 998 1382 1094 1419; x_wconf 87' lang='lat' dir='ltr'>arcis</span> 
     </span>
     <span class='ocr_line' id='line_1_23' title="bbox 156 1438 1239 1491; baseline -0.003 -11"><span class='ocrx_word' id='word_1_149' title='bbox 156 1443 373 1491; x_wconf 90' lang='lat' dir='ltr'>corripuere</span> <span class='ocrx_word' id='word_1_150' title='bbox 403 1454 551 1479; x_wconf 89' lang='lat' dir='ltr'>sacram</span> <span class='ocrx_word' id='word_1_151' title='bbox 580 1442 757 1490; x_wconf 84' lang='lat' dir='ltr'>effigiem,</span> <span class='ocrx_word' id='word_1_152' title='bbox 788 1442 1045 1491; x_wconf 89' lang='lat' dir='ltr'>manibusque</span> <span class='ocrx_word' id='word_1_153' title='bbox 1074 1438 1239 1478; x_wconf 88' lang='lat' dir='ltr'>cruentis</span> 
     </span>
     <span class='ocr_line' id='line_1_24' title="bbox 155 1502 993 1552; baseline 0 -13"><span class='ocrx_word' id='word_1_154' title='bbox 155 1503 344 1552; x_wconf 87' lang='lat' dir='ltr'>virgineas</span> <span class='ocrx_word' id='word_1_155' title='bbox 373 1502 454 1538; x_wconf 92' lang='lat' dir='ltr'>ausi</span> <span class='ocrx_word' id='word_1_156' title='bbox 484 1502 590 1539; x_wconf 88' lang='lat' dir='ltr'>divae</span> <span class='ocrx_word' id='word_1_157' title='bbox 620 1502 844 1550; x_wconf 86' lang='lat' dir='ltr'>contingere</span> <span class='ocrx_word' id='word_1_158' title='bbox 873 1502 993 1546; x_wconf 89' lang='lat' dir='ltr'>vittas,</span> 
     </span>
    </p>

    <p class='ocr_par' dir='ltr' id='par_1_9' title="bbox 156 1560 1008 1609">
     <span class='ocr_line' id='line_1_25' title="bbox 156 1560 1008 1609; baseline -0.004 -8"><span class='ocrx_word' id='word_1_159' title='bbox 156 1575 204 1601; x_wconf 88' lang='lat' dir='ltr'>ex</span> <span class='ocrx_word' id='word_1_160' title='bbox 234 1562 296 1599; x_wconf 91' lang='lat' dir='ltr'>illo</span> <span class='ocrx_word' id='word_1_161' title='bbox 324 1561 442 1599; x_wconf 88' lang='lat' dir='ltr'>fluere</span> <span class='ocrx_word' id='word_1_162' title='bbox 471 1573 515 1598; x_wconf 86' lang='lat' dir='ltr'>ac</span> <span class='ocrx_word' id='word_1_163' title='bbox 544 1568 642 1598; x_wconf 90' lang='lat' dir='ltr'>retro</span> <span class='ocrx_word' id='word_1_164' title='bbox 673 1561 852 1609; x_wconf 84' lang='lat' dir='ltr'>sublapsa</span> <span class='ocrx_word' id='word_1_165' title='bbox 880 1560 1008 1598; x_wconf 87' lang='lat' dir='ltr'>referri</span> 
     </span>
    </p>

    <p class='ocr_par' dir='ltr' id='par_1_10' title="bbox 156 1620 1204 1728">
     <span class='ocr_line' id='line_1_26' title="bbox 156 1620 1204 1671; baseline -0.003 -10"><span class='ocrx_word' id='word_1_166' title='bbox 156 1635 245 1671; x_wconf 92' lang='lat' dir='ltr'>spes</span> <span class='ocrx_word' id='word_1_167' title='bbox 274 1621 466 1666; x_wconf 89' lang='lat' dir='ltr'>Danaum,</span> <span class='ocrx_word' id='word_1_168' title='bbox 496 1620 636 1657; x_wconf 88' lang='lat' dir='ltr'>fractae</span> <span class='ocrx_word' id='word_1_169' title='bbox 664 1621 772 1666; x_wconf 86' lang='lat' dir='ltr'>vires,</span> <span class='ocrx_word' id='word_1_170' title='bbox 802 1631 931 1657; x_wconf 88' lang='lat' dir='ltr'>aversa</span> <span class='ocrx_word' id='word_1_171' title='bbox 959 1620 1054 1658; x_wconf 92' lang='lat' dir='ltr'>deae</span> <span class='ocrx_word' id='word_1_172' title='bbox 1082 1631 1204 1659; x_wconf 91' lang='lat' dir='ltr'>mens.</span> 
     </span>
     <span class='ocr_line' id='line_1_27' title="bbox 157 1678 1164 1728; baseline -0.003 -9"><span class='ocrx_word' id='word_1_173' title='bbox 157 1681 243 1719; x_wconf 90' lang='lat' dir='ltr'>Nec</span> <span class='ocrx_word' id='word_1_174' title='bbox 271 1680 396 1718; x_wconf 91' lang='lat' dir='ltr'>dubiis</span> <span class='ocrx_word' id='word_1_175' title='bbox 425 1692 470 1716; x_wconf 91' lang='lat' dir='ltr'>ea</span> <span class='ocrx_word' id='word_1_176' title='bbox 499 1680 609 1728; x_wconf 88' lang='lat' dir='ltr'>signa</span> <span class='ocrx_word' id='word_1_177' title='bbox 638 1679 742 1716; x_wconf 90' lang='lat' dir='ltr'>dedit</span> <span class='ocrx_word' id='word_1_178' title='bbox 770 1678 944 1716; x_wconf 85' lang='lat' dir='ltr'>Tritonia</span> <span class='ocrx_word' id='word_1_179' title='bbox 971 1680 1164 1716; x_wconf 89' lang='lat' dir='ltr'>monstris.</span> 
     </span>
    </p>

    <p class='ocr_par' dir='ltr' id='par_1_11' title="bbox 154 1738 1273 2205">
     <span class='ocr_line' id='line_1_28' title="bbox 156 1738 1242 1790; baseline -0.003 -12"><span class='ocrx_word' id='word_1_180' title='bbox 156 1741 232 1778; x_wconf 86' lang='lat' dir='ltr'>Vix</span> <span class='ocrx_word' id='word_1_181' title='bbox 262 1740 431 1790; x_wconf 89' lang='lat' dir='ltr'>positum</span> <span class='ocrx_word' id='word_1_182' title='bbox 459 1739 588 1776; x_wconf 90' lang='lat' dir='ltr'>castris</span> <span class='ocrx_word' id='word_1_183' title='bbox 619 1738 874 1783; x_wconf 82' lang='lat' dir='ltr'>simulacrum,</span> <span class='ocrx_word' id='word_1_184' title='bbox 904 1750 1030 1775; x_wconf 91' lang='lat' dir='ltr'>arsere</span> <span class='ocrx_word' id='word_1_185' title='bbox 1059 1750 1242 1776; x_wconf 88' lang='lat' dir='ltr'>coruscae</span> 
     </span>
     <span class='ocr_line' id='line_1_29' title="bbox 155 1798 1220 1846; baseline -0.005 -7"><span class='ocrx_word' id='word_1_186' title='bbox 155 1801 362 1839; x_wconf 89' lang='lat' dir='ltr'>luminibus</span> <span class='ocrx_word' id='word_1_187' title='bbox 392 1799 569 1836; x_wconf 88' lang='lat' dir='ltr'>flammae</span> <span class='ocrx_word' id='word_1_188' title='bbox 598 1799 763 1843; x_wconf 87' lang='lat' dir='ltr'>arrectis,</span> <span class='ocrx_word' id='word_1_189' title='bbox 795 1798 991 1846; x_wconf 88' lang='lat' dir='ltr'>salsusque</span> <span class='ocrx_word' id='word_1_190' title='bbox 1020 1810 1089 1846; x_wconf 91' lang='lat' dir='ltr'>per</span> <span class='ocrx_word' id='word_1_191' title='bbox 1117 1804 1220 1835; x_wconf 89' lang='lat' dir='ltr'>artus</span> 
     </span>
     <span class='ocr_line' id='line_1_30' title="bbox 156 1855 1104 1908; baseline -0.005 -10"><span class='ocrx_word' id='word_1_192' title='bbox 156 1861 272 1898; x_wconf 91' lang='lat' dir='ltr'>sudor</span> <span class='ocrx_word' id='word_1_193' title='bbox 300 1860 351 1905; x_wconf 84' lang='lat' dir='ltr'>iit,</span> <span class='ocrx_word' id='word_1_194' title='bbox 381 1866 513 1908; x_wconf 90' lang='lat' dir='ltr'>terque</span> <span class='ocrx_word' id='word_1_195' title='bbox 543 1858 626 1908; x_wconf 91' lang='lat' dir='ltr'>ipsa</span> <span class='ocrx_word' id='word_1_196' title='bbox 654 1857 737 1895; x_wconf 92' lang='lat' dir='ltr'>solo</span> <span class='ocrx_word' id='word_1_197' title='bbox 767 1856 954 1907; x_wconf 89' lang='lat' dir='ltr'>(mirabile</span> <span class='ocrx_word' id='word_1_198' title='bbox 983 1855 1104 1907; x_wconf 84' lang='lat' dir='ltr'>dictu)</span> 
     </span>
     <span class='ocr_line' id='line_1_31' title="bbox 156 1916 1265 1968; baseline -0.005 -11"><span class='ocrx_word' id='word_1_199' title='bbox 156 1919 310 1958; x_wconf 89' lang='lat' dir='ltr'>emicuit</span> <span class='ocrx_word' id='word_1_200' title='bbox 338 1930 589 1968; x_wconf 89' lang='lat' dir='ltr'>parmamque</span> <span class='ocrx_word' id='word_1_201' title='bbox 618 1917 743 1954; x_wconf 89' lang='lat' dir='ltr'>ferens</span> <span class='ocrx_word' id='word_1_202' title='bbox 772 1916 998 1965; x_wconf 89' lang='lat' dir='ltr'>hastamque</span> <span class='ocrx_word' id='word_1_203' title='bbox 1027 1922 1265 1953; x_wconf 88' lang='lat' dir='ltr'>trementem.</span> 
     </span>
     <span class='ocr_line' id='line_1_32' title="bbox 155 1974 1273 2027; baseline -0.004 -10"><span class='ocrx_word' id='word_1_204' title='bbox 155 1978 363 2027; x_wconf 81' lang='lat' dir='ltr'>Extemplo</span> <span class='ocrx_word' id='word_1_205' title='bbox 393 1977 618 2026; x_wconf 89' lang='lat' dir='ltr'>temptanda</span> <span class='ocrx_word' id='word_1_206' title='bbox 647 1976 739 2025; x_wconf 87' lang='lat' dir='ltr'>fuga</span> <span class='ocrx_word' id='word_1_207' title='bbox 767 1976 869 2013; x_wconf 88' lang='lat' dir='ltr'>canit</span> <span class='ocrx_word' id='word_1_208' title='bbox 897 1987 1066 2024; x_wconf 86' lang='lat' dir='ltr'>aequora</span> <span class='ocrx_word' id='word_1_209' title='bbox 1097 1974 1273 2020; x_wconf 87' lang='lat' dir='ltr'>Calchas,</span> 
     </span>
     <span class='ocr_line' id='line_1_33' title="bbox 155 2034 1128 2086; baseline -0.004 -11"><span class='ocrx_word' id='word_1_210' title='bbox 155 2051 226 2075; x_wconf 91' lang='lat' dir='ltr'>nec</span> <span class='ocrx_word' id='word_1_211' title='bbox 256 2049 371 2086; x_wconf 89' lang='lat' dir='ltr'>posse</span> <span class='ocrx_word' id='word_1_212' title='bbox 400 2036 589 2085; x_wconf 85' lang='lat' dir='ltr'>Argolicis</span> <span class='ocrx_word' id='word_1_213' title='bbox 618 2035 790 2073; x_wconf 87' lang='lat' dir='ltr'>exscindi</span> <span class='ocrx_word' id='word_1_214' title='bbox 818 2034 1004 2083; x_wconf 89' lang='lat' dir='ltr'>Pergama</span> <span class='ocrx_word' id='word_1_215' title='bbox 1033 2034 1128 2079; x_wconf 84' lang='lat' dir='ltr'>telis,</span> 
     </span>
     <span class='ocr_line' id='line_1_34' title="bbox 155 2093 1170 2145; baseline -0.005 -11"><span class='ocrx_word' id='word_1_216' title='bbox 155 2097 285 2135; x_wconf 90' lang='lat' dir='ltr'>omnia</span> <span class='ocrx_word' id='word_1_217' title='bbox 313 2097 352 2133; x_wconf 92' lang='lat' dir='ltr'>ni</span> <span class='ocrx_word' id='word_1_218' title='bbox 381 2102 553 2145; x_wconf 87' lang='lat' dir='ltr'>repetant</span> <span class='ocrx_word' id='word_1_219' title='bbox 582 2095 696 2144; x_wconf 87' lang='lat' dir='ltr'>Argis</span> <span class='ocrx_word' id='word_1_220' title='bbox 724 2106 946 2142; x_wconf 89' lang='lat' dir='ltr'>numenque</span> <span class='ocrx_word' id='word_1_221' title='bbox 975 2093 1170 2139; x_wconf 84' lang='lat' dir='ltr'>reducant,</span> 
     </span>
     <span class='ocr_line' id='line_1_35' title="bbox 154 2152 1178 2205; baseline -0.004 -11"><span class='ocrx_word' id='word_1_222' title='bbox 154 2156 262 2205; x_wconf 90' lang='lat' dir='ltr'>quod</span> <span class='ocrx_word' id='word_1_223' title='bbox 289 2156 427 2205; x_wconf 86' lang='lat' dir='ltr'>pelago</span> <span class='ocrx_word' id='word_1_224' title='bbox 456 2162 493 2192; x_wconf 90' lang='lat' dir='ltr'>et</span> <span class='ocrx_word' id='word_1_225' title='bbox 522 2155 645 2192; x_wconf 92' lang='lat' dir='ltr'>curvis</span> <span class='ocrx_word' id='word_1_226' title='bbox 676 2165 809 2191; x_wconf 90' lang='lat' dir='ltr'>secum</span> <span class='ocrx_word' id='word_1_227' title='bbox 838 2164 998 2190; x_wconf 84' lang='lat' dir='ltr'>avexere</span> <span class='ocrx_word' id='word_1_228' title='bbox 1028 2152 1178 2190; x_wconf 89' lang='lat' dir='ltr'>carinis.</span> 
     </span>
    </p>

    <p class='ocr_par' dir='ltr' id='par_1_12' title="bbox 153 2210 1281 2500">
     <span class='ocr_line' id='line_1_36' title="bbox 154 2210 1186 2263; baseline -0.005 -11"><span class='ocrx_word' id='word_1_229' title='bbox 154 2215 206 2253; x_wconf 89' lang='lat' dir='ltr'>Et</span> <span class='ocrx_word' id='word_1_230' title='bbox 235 2227 338 2252; x_wconf 90' lang='lat' dir='ltr'>nunc</span> <span class='ocrx_word' id='word_1_231' title='bbox 368 2213 473 2263; x_wconf 93' lang='lat' dir='ltr'>quod</span> <span class='ocrx_word' id='word_1_232' title='bbox 502 2214 641 2263; x_wconf 88' lang='lat' dir='ltr'>patrias</span> <span class='ocrx_word' id='word_1_233' title='bbox 670 2219 784 2250; x_wconf 90' lang='lat' dir='ltr'>vento</span> <span class='ocrx_word' id='word_1_234' title='bbox 815 2212 956 2261; x_wconf 91' lang='lat' dir='ltr'>petiere</span> <span class='ocrx_word' id='word_1_235' title='bbox 986 2210 1186 2259; x_wconf 88' lang='lat' dir='ltr'>Mycenas,</span> 
     </span>
     <span class='ocr_line' id='line_1_37' title="bbox 154 2271 1281 2323; baseline -0.004 -12"><span class='ocrx_word' id='word_1_236' title='bbox 154 2287 261 2312; x_wconf 90' lang='lat' dir='ltr'>arma</span> <span class='ocrx_word' id='word_1_237' title='bbox 290 2274 461 2323; x_wconf 88' lang='lat' dir='ltr'>deosque</span> <span class='ocrx_word' id='word_1_238' title='bbox 491 2279 626 2322; x_wconf 90' lang='lat' dir='ltr'>parant</span> <span class='ocrx_word' id='word_1_239' title='bbox 655 2272 826 2316; x_wconf 89' lang='lat' dir='ltr'>comites,</span> <span class='ocrx_word' id='word_1_240' title='bbox 857 2271 1074 2320; x_wconf 86' lang='lat' dir='ltr'>pelagoque</span> <span class='ocrx_word' id='word_1_241' title='bbox 1104 2280 1281 2308; x_wconf 88' lang='lat' dir='ltr'>remenso</span> 
     </span>
     <span class='ocr_line' id='line_1_38' title="bbox 153 2327 1177 2382; baseline -0.007 -11"><span class='ocrx_word' id='word_1_242' title='bbox 153 2332 349 2382; x_wconf 88' lang='lat' dir='ltr'>improvisi</span> <span class='ocrx_word' id='word_1_243' title='bbox 378 2332 559 2369; x_wconf 88' lang='lat' dir='ltr'>aderunt:</span> <span class='ocrx_word' id='word_1_244' title='bbox 598 2331 648 2368; x_wconf 92' lang='lat' dir='ltr'>ita</span> <span class='ocrx_word' id='word_1_245' title='bbox 678 2331 812 2379; x_wconf 88' lang='lat' dir='ltr'>digerit</span> <span class='ocrx_word' id='word_1_246' title='bbox 841 2330 973 2367; x_wconf 86' lang='lat' dir='ltr'>omina</span> <span class='ocrx_word' id='word_1_247' title='bbox 1003 2327 1177 2365; x_wconf 88' lang='lat' dir='ltr'>Calchas.</span> 
     </span>
     <span class='ocr_line' id='line_1_39' title="bbox 155 2387 1167 2440; baseline -0.005 -11"><span class='ocrx_word' id='word_1_248' title='bbox 155 2392 272 2430; x_wconf 88' lang='lat' dir='ltr'>Hanc</span> <span class='ocrx_word' id='word_1_249' title='bbox 300 2403 370 2440; x_wconf 94' lang='lat' dir='ltr'>pro</span> <span class='ocrx_word' id='word_1_250' title='bbox 400 2391 570 2428; x_wconf 90' lang='lat' dir='ltr'>Palladio</span> <span class='ocrx_word' id='word_1_251' title='bbox 601 2391 747 2435; x_wconf 87' lang='lat' dir='ltr'>moniti,</span> <span class='ocrx_word' id='word_1_252' title='bbox 777 2401 847 2438; x_wconf 93' lang='lat' dir='ltr'>pro</span> <span class='ocrx_word' id='word_1_253' title='bbox 877 2388 1034 2425; x_wconf 87' lang='lat' dir='ltr'>numine</span> <span class='ocrx_word' id='word_1_254' title='bbox 1063 2387 1167 2425; x_wconf 91' lang='lat' dir='ltr'>laeso</span> 
     </span>
     <span class='ocr_line' id='line_1_40' title="bbox 154 2447 1083 2500; baseline -0.006 -11"><span class='ocrx_word' id='word_1_255' title='bbox 154 2451 321 2500; x_wconf 89' lang='lat' dir='ltr'>effigiem</span> <span class='ocrx_word' id='word_1_256' title='bbox 350 2456 524 2494; x_wconf 83' lang='lat' dir='ltr'>statuere,</span> <span class='ocrx_word' id='word_1_257' title='bbox 554 2448 662 2487; x_wconf 89' lang='lat' dir='ltr'>nefas</span> <span class='ocrx_word' id='word_1_258' title='bbox 691 2460 790 2499; x_wconf 89' lang='lat' dir='ltr'>quae</span> <span class='ocrx_word' id='word_1_259' title='bbox 820 2448 924 2487; x_wconf 89' lang='lat' dir='ltr'>triste</span> <span class='ocrx_word' id='word_1_260' title='bbox 951 2447 1083 2498; x_wconf 90' lang='lat' dir='ltr'>piaret.</span> 
     </span>
    </p>
   </div>
   <div class='ocr_carea' id='block_1_3' title="bbox 1486 446 1546 479">
    <p class='ocr_par' dir='ltr' id='par_1_13' title="bbox 1486 446 1546 479">
     <span class='ocr_line' id='line_1_41' title="bbox 1486 446 1546 479; baseline -0.017 -9"><span class='ocrx_word' id='word_1_261' title='bbox 1486 446 1546 479; x_wconf 84' lang='lat'>150</span> 
     </span>
    </p>
   </div>
   <div class='ocr_carea' id='block_1_4' title="bbox 1488 1029 1551 1061">
    <p class='ocr_par' dir='ltr' id='par_1_14' title="bbox 1488 1029 1551 1061">
     <span class='ocr_line' id='line_1_42' title="bbox 1488 1029 1551 1061; baseline -0.032 0"><span class='ocrx_word' id='word_1_262' title='bbox 1488 1029 1551 1061; x_wconf 86' lang='lat'>160</span> 
     </span>
    </p>
   </div>
   <div class='ocr_carea' id='block_1_5' title="bbox 1487 1326 1548 1367">
    <p class='ocr_par' dir='ltr' id='par_1_15' title="bbox 1487 1326 1548 1367">
     <span class='ocr_line' id='line_1_43' title="bbox 1487 1326 1548 1367; baseline 0.016 -10"><span class='ocrx_word' id='word_1_263' title='bbox 1487 1326 1548 1367; x_wconf 80' lang='lat'>165</span> 
     </span>
    </p>
   </div>
   <div class='ocr_carea' id='block_1_6' title="bbox 1488 1631 1549 1663">
    <p class='ocr_par' dir='ltr' id='par_1_16' title="bbox 1488 1631 1549 1663">
     <span class='ocr_line' id='line_1_44' title="bbox 1488 1631 1549 1663; baseline -0.016 -8"><span class='ocrx_word' id='word_1_264' title='bbox 1488 1631 1549 1663; x_wconf 79' lang='lat'>170</span> 
     </span>
    </p>
   </div>
   <div class='ocr_carea' id='block_1_7' title="bbox 1487 2215 1549 2247">
    <p class='ocr_par' dir='ltr' id='par_1_17' title="bbox 1487 2215 1549 2247">
     <span class='ocr_line' id='line_1_45' title="bbox 1487 2215 1549 2247; baseline -0.016 0"><span class='ocrx_word' id='word_1_265' title='bbox 1487 2215 1549 2247; x_wconf 85' lang='lat'>180</span> 
     </span>
    </p>
   </div>
  </div>
 </body>
</html>
