1669 2737
471 99 684 134 ECLOGA
717 99 796 134 [Π.
829 100 1034 149 93—IV·
1065 102 1132 148 55.

110 214 365 258 pacatumque
393 214 499 257 reget
526 208 655 257 patriis
684 201 880 246 virtutibus
909 209 1054 246 orbem.

109 268 161 305 At
188 267 254 304 tibi
281 268 416 317 prima,
444 280 549 317 puer,
577 268 682 305 nullo
711 268 939 304 munuscula
967 267 1069 304 cultu

109 334 277 364 errantes
305 327 466 364 hederas
494 327 638 376 passim
667 339 756 364 cum
784 328 944 364 baccare
973 326 1082 364 tellus

109 385 304 434 mixtaque
332 386 467 424 ridenti
496 386 686 424 colocasia
714 385 847 422 fundet
875 385 1051 423 acantho.

109 444 223 494 Ipsae
251 444 347 482 lacte
377 445 537 482 domurn
566 444 729 482 referent
758 445 922 482 distenta
951 444 1119 494 capellae

109 504 237 548 ubera,
267 515 338 542 nec
366 515 532 553 magnos
560 510 732 541 metuent
759 511 930 541 armenta
959 505 1102 541 leones.

109 563 202 611 Ipsa
229 563 295 600 tibi
323 563 486 601 blandos
516 562 677 600 fundent
706 563 895 600 cunabula
923 563 1050 600 flores.

111 621 273 660 Occidet
302 629 339 659 et
368 634 537 671 serpens,
567 629 604 659 et
632 621 745 659 fallax
774 622 891 659 herba
919 623 1056 659 veneni

109 681 282 726 occidet;
321 681 520 730 Assyrium
548 681 662 729 vulgo
690 688 866 718 nascetur
895 693 1104 718 amomum.

109 741 162 778 At
190 741 302 778 simul
330 740 489 778 heroum
516 740 648 778 laudes
678 748 716 778 et
744 740 843 778 facta
871 741 1039 790 parentis

109 800 186 837 iam
214 800 340 849 legere
369 807 406 837 et
434 812 533 849 quae
563 801 608 837 sit
638 800 780 850 poteris
810 812 1046 850 cognoscere
1075 800 1201 845 virtus,

109 860 214 897 molli
242 859 423 908 paulatim
451 859 630 897 flavescet
660 872 819 908 campus
849 861 972 906 arista,

109 918 335 968 incultisque
362 919 502 957 rubens
532 919 714 968 pendebit
743 919 912 956 sentibus
940 932 1022 964 uva,

109 985 147 1016 et
175 978 293 1016 durae
321 990 482 1027 quercus
511 978 703 1016 sudabunt
730 978 880 1016 roscida
908 979 1032 1016 mella.

109 1037 237 1075 Pauca
264 1044 394 1075 tamen
422 1039 606 1075 suberunt
634 1039 781 1087 priscae
810 1039 968 1087 vestigia
997 1037 1149 1083 fraudis,

109 1109 208 1146 quae
237 1104 423 1146 temptare
452 1096 610 1134 Thetim
639 1098 793 1143 ratibus,
823 1110 922 1147 quae
951 1098 1105 1146 cingere
1135 1098 1253 1135 muris

109 1156 263 1205 oppida,
294 1169 392 1206 quae
421 1157 576 1194 iubeant
604 1157 723 1194 telluri
753 1157 937 1194 infindere
967 1157 1105 1194 sulcos.

109 1216 216 1254 Alter
243 1217 311 1254 erit
338 1223 421 1254 tum
450 1216 611 1266 Tiphys,
642 1224 678 1254 et
707 1217 821 1254 altera
851 1229 949 1266 quae
977 1216 1088 1254 vehat
1117 1217 1223 1266 Argo

110 1275 278 1315 delectos
306 1275 467 1322 heroas;
508 1283 616 1314 erunt
645 1276 759 1313 etiam
787 1276 904 1313 altera
931 1276 1040 1322 bella,

110 1342 224 1385 atque
252 1336 388 1373 iterum
416 1336 466 1374 ad
490 1335 651 1373 Troiam
680 1348 844 1385 magnus
873 1336 1040 1373 mittetur
1067 1335 1244 1373 Achilles.

110 1394 227 1441 Hinc,
255 1395 319 1432 ubi
346 1396 423 1433 iam
451 1396 599 1434 firmata
627 1396 748 1433 virum
777 1402 813 1433 te
842 1395 970 1433 fecerit
999 1402 1113 1441 aetas,

111 1454 221 1492 cedet
249 1461 287 1492 et
314 1455 398 1504 ipse
426 1455 519 1492 mari
547 1462 686 1501 vector,
715 1467 787 1493 nec
817 1455 968 1492 nautica
991 1455 1104 1502 pinus

110 1514 272 1551 mutabit
299 1525 469 1552 merces:
509 1515 635 1552 omnis
664 1514 756 1551 feret
784 1514 914 1551 omnia
938 1513 1063 1551 tellus.

112 1572 205 1611 Non
232 1579 372 1611 rastros
400 1574 563 1623 patietur
590 1573 741 1619 humus,
771 1585 851 1610 non
879 1573 988 1609 vinea
1017 1572 1173 1619 falcem;

111 1633 288 1671 robustus
318 1645 471 1682 quoque
500 1633 577 1670 iam
606 1634 722 1670 tauris
751 1633 840 1682 iuga
869 1632 989 1670 solvet
1017 1639 1140 1670 arator
1150 1645 1162 1680 ς

112 1705 184 1730 nee
211 1693 336 1730 varios
364 1692 484 1730 discet
513 1692 662 1730 mentiri
690 1691 778 1729 lana
807 1692 968 1738 colores,

112 1753 194 1802 ipse
223 1752 291 1790 sed
319 1752 359 1789 in
388 1752 504 1803 pratis
533 1752 630 1790 aries
659 1752 736 1788 iam
765 1764 880 1789 suave
909 1751 1059 1789 rubenti

112 1812 267 1858 murice,
296 1812 373 1850 iam
401 1824 540 1850 croceo
569 1811 729 1849 mutabit
758 1811 895 1849 vellera
923 1811 1026 1858 luto;

114 1879 251 1921 sponte
280 1884 348 1910 sua
377 1872 524 1921 sandyx
553 1878 754 1921 pascentes
783 1871 916 1908 vestiet
945 1882 1078 1920 agnos.

115 1931 249 1969 ‘Talia
277 1930 417 1969 saecla'
447 1932 524 1969 suis
553 1931 727 1969 dixerunt
757 1930 933 1968 ‘currite'
965 1930 1057 1968 fusis

115 1991 324 2029 concordes
354 1991 476 2028 stabili
505 1990 668 2028 fatorum
697 1991 856 2027 numine
886 1990 1038 2027 Parcae.

115 2051 337 2101 Aggredere
366 2063 391 2088 o
420 2062 584 2100 magnos
613 2050 749 2102 (aderit
777 2051 854 2087 iam
882 2048 1049 2099 tempus)
1079 2050 1260 2097 honores,

116 2123 203 2148 cara
230 2111 346 2149 deum
375 2111 537 2156 suboles,
566 2122 753 2158 magnum
782 2109 885 2147 Iovis
913 2110 1202 2147 incrementum.

115 2171 256 2220 Aspice
285 2182 459 2209 convexo
488 2176 688 2207 nutantem
717 2169 889 2218 pondere
918 2169 1118 2214 mundum,

116 2237 309 2280 terrasque
337 2236 556 2278 tractusque
585 2229 698 2266 maris
728 2229 952 2277 caelumque
981 2228 1240 2277 profundum:

117 2289 257 2338 aspice,
285 2296 444 2327 venturo
472 2289 656 2326 laetantur
683 2294 725 2324 ut
753 2287 885 2325 omnia
914 2287 1052 2325 saeclo.

118 2347 154 2386 O
183 2348 276 2385 mihi
303 2355 386 2385 tum
413 2348 552 2397 longae
583 2354 737 2384 maneat
766 2359 853 2395 pars
882 2346 1013 2384 ultima
1041 2347 1149 2393 vitae,

118 2408 268 2456 spiritus
297 2414 334 2445 et
362 2414 549 2456 quantum
578 2413 635 2444 sat
664 2407 733 2444 erit
760 2413 825 2444 tua
854 2406 979 2443 dicere
1009 2406 1118 2452 faeta,

118 2478 198 2504 non
226 2478 290 2504 me
318 2467 548 2504 carminibus
577 2466 702 2504 vincat
730 2478 803 2504 nec
832 2465 1020 2504 Thracius
1050 2465 1238 2516 Orpheus,

1461 401 1500 421 22>

1458 993 1499 1023 30

1458 1292 1498 1322 35

1459 1590 1503 1619 40

1462 1886 1502 1918 45

1465 2183 1506 2214 50

1466 2481 1505 2512 55
