1669 2737
577 76 744 112 LIBER
780 77 822 112 V.
857 71 1065 124 107—184.
1436 75 1511 127 167

130 200 202 226 nec
231 187 285 226 sic
314 186 495 225 immissis
523 186 677 236 aurigae
706 184 889 223 undantia
917 184 999 223 lora

129 258 358 285 concussere
385 246 484 296 iugis
513 246 703 296 pronique
732 245 771 281 in
800 245 958 281 verbera
985 244 1165 294 pendent.

129 305 234 344 Tum
262 306 400 356 plausu
427 305 655 354 fremituque
685 304 806 340 virum
837 304 1047 352 studiisque
1075 304 1270 342 faventum

128 372 319 403 consonat
346 377 462 403 omne
492 377 638 409 nemus,
668 374 881 411 vocemque
909 363 1055 401 inclusa
1083 364 1254 401 volutant

127 424 245 471 litora,
275 424 414 474 pulsati
443 425 560 463 colles
589 424 759 462 clamore
787 422 979 460 resultant.
1454 441 1513 471 150

127 483 273 533 Effugit
301 478 391 522 ante
419 484 513 522 alios
542 484 750 533 primisque
779 481 939 520 elabitur
967 483 1081 521 undis

126 544 277 580 turbam
305 544 403 582 inter
430 544 700 593 fremitumque
725 541 852 592 Gyas3
893 554 1009 591 quem
1039 543 1178 581 deinde
1209 543 1419 582 Cloanthus

127 604 384 653 consequitur,
415 604 549 642 melior
576 604 701 648 remis,
732 602 800 641 sed
829 601 999 652 pondere
1029 603 1141 652 pinus

126 662 233 700 tarda
262 669 375 701 tenet.
431 663 526 701 Post
554 663 625 701 hos
654 675 778 712 aequo
808 662 1025 699 discrimine
1055 662 1184 700 Pristis

127 719 418 772 Centaurusque
446 722 576 760 locum
605 722 766 760 tendunt
794 732 971 770 superare
1000 721 1189 770 priorem3
1450 740 1507 770 155

125 787 163 818 et
191 793 295 820 nunc
324 782 454 820 Pristis
482 781 608 826 habet,
639 793 742 819 nunc
771 781 910 818 victam
939 782 1116 829 praeterit
1144 782 1280 831 ingens

125 838 351 886 Centaurus,
381 853 485 878 nunc
513 853 590 878 una
619 840 755 877 ambae
784 840 998 889 iunctisque
1028 839 1199 877 feruntur

124 898 311 937 frontibus
339 906 377 937 et
404 900 522 949 longa
550 900 697 938 sulcant
725 899 823 936 vada
852 898 951 936 salsa
979 899 1116 936 carina.

123 957 283 1008 Iamque
312 959 621 1009 propinquabant
650 958 811 1008 scopulo
839 965 1060 1007 metamque
1088 960 1279 1004 tenebant,

123 1029 211 1055 cum
239 1018 418 1068 princeps
446 1018 651 1067 medioque
681 1017 786 1066 Gyas
814 1017 853 1053 in
880 1018 1029 1067 gurgite
1058 1018 1176 1056 victor
1448 1028 1508 1059 160

122 1084 311 1115 rectorem
338 1078 444 1116 navis
479 1077 685 1127 compellat
714 1089 809 1114 voce
840 1076 1074 1114 Menoeten:

123 1137 238 1184 ‘Quo
267 1144 416 1176 tantum
443 1138 536 1175 mihi
565 1138 697 1175 dexter
726 1138 833 1174 abis?
873 1137 963 1174 Huc
993 1138 1112 1187 dirige
1141 1151 1336 1188 gressum;

120 1198 208 1236 litus
239 1210 326 1235 ama
353 1204 391 1235 et
418 1198 545 1236 laevas
574 1199 732 1247 stringat
755 1197 836 1234 sine
865 1197 1034 1246 palmula
1063 1205 1192 1237 cautes
1207 1213 1217 1245 3

122 1257 241 1296 altum
269 1258 330 1296 alii
358 1256 534 1296 teneant!
591 1257 707 1302 Dixit,
738 1256 806 1294 sed
835 1269 949 1294 caeca
978 1257 1182 1296 Menoetes

122 1329 214 1354 saxa
242 1317 381 1355 timens
409 1328 563 1366 proram
591 1316 716 1366 pelagi
747 1315 947 1365 detorquet
976 1316 1025 1354 ad
1053 1317 1185 1355 undas.
1446 1326 1504 1367 165

122 1375 236 1422 ‘Quo
265 1376 433 1414 diversus
461 1374 590 1413 abis?'
629 1376 765 1412 iterum
795 1378 905 1424 ‘pete
935 1387 1038 1420 saxa,
1069 1375 1274 1421 Menoete,'

121 1447 210 1473 cum
238 1435 402 1473 clamore
431 1434 536 1484 Gyas
563 1435 788 1472 revocabat:
829 1441 866 1471 et
894 1446 985 1472 ecce
1015 1435 1247 1473 Cloanthum

120 1495 272 1545 respicit
300 1495 506 1532 instantem
534 1500 643 1543 tergo
673 1500 710 1531 et
738 1494 921 1543 propiora
949 1500 1154 1532 tenentem.

121 1554 188 1593 Ille
216 1555 314 1593 inter
342 1566 556 1603 navemque
587 1553 694 1603 Gyae
724 1554 982 1602 scopulosque
1012 1562 1194 1592 sonantes

118 1615 216 1653 radit
243 1614 313 1652 iter
340 1613 489 1651 laevum
517 1613 672 1650 interior
700 1613 903 1661 subitoque
931 1613 1097 1662 priorem
1444 1633 1504 1664 170

118 1674 294 1723 praeterit
321 1679 359 1711 et
385 1673 496 1710 metis
525 1679 628 1710 tenet
657 1683 824 1721 aequora
852 1678 934 1709 tuta
962 1672 1110 1710 relictis.

120 1733 225 1771 Tum
252 1744 342 1770 vero
371 1732 510 1770 exarsit
537 1732 663 1769 iuveni
693 1732 803 1769 dolor
831 1732 981 1769 ossibus
1011 1733 1148 1782 ingens

118 1805 191 1831 nec
219 1792 382 1830 lacrimis
410 1804 566 1830 caruere
593 1804 729 1842 genae,
759 1803 996 1841 segnemque
1028 1792 1238 1831 Menoeten

118 1853 258 1891 oblitus
287 1852 512 1901 decorisque
542 1852 600 1889 sui
628 1852 854 1901 sociumque
884 1852 1013 1889 salutis

116 1914 157 1950 in
185 1924 290 1949 mare
318 1911 566 1960 praecipitem
594 1911 715 1961 puppi
744 1910 919 1948 deturbat
947 1911 995 1948 ab
1024 1912 1120 1949 alta:
1444 1929 1502 1962 175

116 1973 198 2022 ipse
226 1971 459 2021 gubernaclo
486 1977 610 2008 rector
639 1971 748 2017 subit,
779 1971 859 2019 ipse
889 1971 1072 2020 magister

116 2032 364 2081 hortaturque
393 2031 491 2068 viros
521 2029 747 2079 clavumque
776 2030 826 2068 ad
854 2030 964 2067 litora
991 2037 1153 2081 torquet.

116 2092 169 2129 At
197 2091 320 2140 gravis
348 2097 391 2128 ut
418 2089 539 2127 fundo
569 2090 630 2126 vix
658 2089 814 2127 tandem
842 2090 1010 2127 redditus
1040 2091 1118 2128 imo
1148 2098 1204 2128 est

116 2151 193 2188 iam
221 2150 349 2188 senior
375 2149 606 2198 madidaque
634 2148 759 2186 fluens
788 2149 827 2185 in
855 2155 960 2186 veste
988 2149 1204 2195 Menoetes,

117 2222 267 2248 summa
295 2209 389 2259 petit
417 2209 564 2258 scopuli
594 2209 772 2258 siccaque
801 2209 841 2245 in
869 2220 963 2257 rupe
992 2209 1140 2246 resedit.
1442 2219 1501 2249 180

116 2270 230 2308 Illum
259 2275 296 2307 et
324 2269 517 2306 labentem
545 2268 688 2306 Teucri
717 2274 753 2304 et
781 2268 895 2305 risere
924 2274 1119 2306 natantem

116 2337 153 2368 et
182 2329 302 2367 salsos
331 2328 454 2366 rident
481 2334 741 2365 revomentem
770 2334 926 2376 pectore
956 2327 1103 2366 fluctus.

116 2390 193 2428 Hic
222 2389 320 2425 laeta
347 2388 524 2425 extremis
553 2399 641 2436 spes
671 2393 727 2424 est
757 2398 918 2424 accensa
947 2387 1107 2433 duobus,

117 2450 295 2498 Sergesto
324 2446 604 2497 Mnestheique,
634 2446 751 2496 Gyan
780 2459 958 2496 superare
987 2454 1216 2486 morantem.
