1669 2737
187 104 265 149 154
755 100 980 137 AENEJS.

181 210 365 248 sollicitat.
423 208 561 258 Neque
590 215 626 247 te
654 215 770 247 teneo
800 223 924 260 neque
954 211 1054 249 dicta
1081 210 1237 248 refello:

180 269 203 313 i,
233 281 390 318 sequere
418 269 567 307 Italiam
596 270 730 316 ventis,
760 278 848 319 pete
876 283 994 320 regna
1023 283 1090 320 per
1118 271 1251 308 undas.

183 327 303 376 Spero
333 328 511 378 equidem
540 329 685 374 mediis,
717 330 747 366 si
777 330 869 378 quid
897 331 960 379 pia
989 330 1148 367 numina
1176 334 1349 378 possunt,

181 388 366 437 supplicia
394 387 601 426 hausurum
631 389 798 438 scopulis
827 396 865 426 et
893 390 1050 426 nomine
1081 389 1184 426 Dido

181 459 297 497 saepe
326 455 557 485 vocaturum.
618 448 764 498 Sequar
792 449 880 487 atris
908 449 1060 498 ignibus
1089 449 1242 495 absens,

180 514 227 553 et,
258 520 346 545 cum
374 506 510 555 frigida
538 519 642 545 mors
672 508 800 545 anima
829 509 1020 545 seduxerit
1048 515 1162 553 artus,

181 568 359 604 omnibus
389 568 525 604 umbra
553 568 646 605 locis
676 568 804 605 adero.
860 568 993 613 Dabis,
1023 569 1206 617 improbe,
1238 580 1394 617 poenas.

179 627 356 672 Audiam,
386 635 424 665 et
452 628 546 665 haec
575 639 710 665 manes
739 628 864 665 veniet
892 628 986 664 mihi
1014 628 1116 665 fama
1145 629 1215 665 sub
1244 628 1365 665 imos!

180 685 254 723 His
283 685 454 723 medium
484 687 594 724 dictis
624 699 843 724 sermonem
873 687 1064 736 abrumpit
1093 694 1130 724 et
1160 698 1270 723 auras

179 758 293 794 aegra
321 746 417 795 fugit
446 758 563 796 seque
592 759 639 784 ex
669 747 788 784 oculis
817 747 947 784 avertit
976 754 1013 784 et
1041 747 1171 792 aufert,

178 805 355 855 linquens
384 805 503 842 multa
531 814 636 844 metu
665 813 908 844 cunctantem
937 813 974 843 et
1002 806 1121 843 multa
1149 812 1348 854 parantem

179 864 313 901 dicere.
374 863 591 913 Suscipiunt
621 865 783 902 famulae
812 865 1056 914 collapsaque
1085 866 1256 902 membra

177 935 393 961 marmoreo
423 923 590 961 referunt
618 924 786 961 thalamo
816 925 1016 973 stratisque
1045 931 1247 973 reponunt.

230 984 283 1020 At
311 983 397 1032 pius
425 984 591 1029 Aeneas,
622 995 857 1032 quamquam
886 983 1002 1020 lenire
1032 983 1226 1020 dolentem

177 1043 340 1081 solando
370 1044 473 1092 cupit
502 1050 539 1080 et
569 1043 676 1080 dictis
705 1050 873 1080 avertere
902 1055 1023 1088 curas,

176 1104 294 1140 multa
323 1114 483 1152 gemens
513 1114 735 1151 magnoque
764 1103 935 1139 animum
963 1102 1172 1140 labefactus
1201 1113 1344 1148 amore,

176 1163 279 1200 iussa
308 1170 436 1199 tamen
465 1162 594 1198 divum
625 1161 849 1210 exsequitur
874 1161 1113 1211 classemque
1142 1161 1278 1199 revisit.

176 1222 280 1259 Turn
310 1234 400 1260 vero
432 1221 573 1259 Teucri
603 1222 829 1258 incumbunt
858 1228 894 1258 et
923 1221 1031 1258 litore
1060 1221 1182 1259 celsas

176 1281 370 1318 deducunt
399 1288 482 1319 toto
510 1293 634 1318 naves.
695 1279 812 1318 Natat
841 1288 956 1317 uncta
985 1281 1121 1326 carina,

176 1340 474 1389 frondentesque
505 1340 628 1377 ferunt
658 1351 784 1377 remos
814 1346 851 1376 et
880 1340 1019 1377 robora
1048 1339 1148 1377 silvis

174 1400 394 1437 infabricata
424 1399 536 1448 fugae
566 1400 703 1437 studio.

174 1458 385 1508 Migrantes
415 1471 551 1496 cernas
581 1466 736 1507 totaque
765 1471 812 1496 ex
840 1459 933 1496 urbe
962 1465 1125 1497 ruentes.

174 1519 233 1556 Ac
261 1518 361 1555 velut
389 1519 585 1567 ingentem
615 1517 797 1555 formicae
826 1517 932 1555 farris
961 1530 1141 1555 acervum

174 1590 263 1615 cum
291 1577 476 1627 populant
505 1577 641 1614 hiemis
670 1588 861 1614 memores
891 1584 1069 1626 tectoque
1097 1583 1300 1626 reponunt,

173 1637 200 1674 it
227 1638 379 1686 nigrum
409 1637 555 1685 campis
586 1648 727 1684 agmen
756 1636 1015 1686 praedamque
1044 1648 1112 1685 per
1140 1635 1277 1672 herbas

173 1704 400 1736 convectant
430 1696 524 1733 calle
553 1702 728 1743 angusto,
759 1707 848 1744 pars
876 1696 1037 1744 grandia
1065 1695 1221 1732 trudunt

173 1757 339 1794 obnixae
367 1756 557 1793 frumenta
589 1755 738 1800 umeris,
768 1766 857 1803 pars
887 1755 1041 1803 agmina
1070 1761 1215 1803 cogunt

172 1816 434 1865 castigantque
464 1826 601 1860 moras,
632 1826 747 1863 opere
777 1814 903 1851 omnis
933 1814 1069 1851 semita
1097 1813 1222 1850 fervet.

172 1876 269 1923 Quis
298 1876 365 1913 tibi
394 1882 487 1921 tum,
517 1874 630 1919 Dido,
663 1875 829 1911 cernenti
858 1874 945 1910 talia
974 1885 1120 1917 sensus,

170 1948 314 1985 quosve
345 1934 462 1972 dabas
491 1934 665 1983 gemitus,
696 1945 784 1970 cum
810 1932 920 1969 litora
948 1932 1088 1969 fervere
1117 1932 1190 1969 late

170 1995 411 2044 prospiceres
441 2005 528 2031 arce
557 2005 604 2031 ex
635 2004 785 2030 summa
812 1997 1011 2040 totumque
1040 1991 1185 2028 videres

169 2054 319 2091 misceri
349 2060 437 2090 ante
468 2053 601 2091 oculos
631 2052 745 2089 tantis
774 2051 1003 2088 clamoribus
1032 2052 1198 2099 aequor!

169 2114 351 2162 Improbe
380 2113 514 2156 Amor,
544 2112 637 2161 quid
666 2123 746 2148 non
774 2110 947 2147 mortalia
975 2116 1131 2158 pectora
1161 2109 1293 2157 cogis?

168 2172 229 2209 Ire
257 2172 394 2209 iterum
423 2172 462 2208 in
490 2171 674 2216 lacrimas,
705 2171 840 2207 iterum
869 2175 1054 2217 temptare
1084 2167 1277 2216 precando

168 2232 316 2281 cogitur
344 2237 381 2268 et
410 2231 572 2280 supplex
602 2231 752 2268 animos
781 2229 1015 2266 summittere
1044 2227 1177 2271 amori,

168 2305 217 2329 ne
246 2291 337 2341 quid
366 2292 607 2340 inexpertum
636 2290 772 2328 frustra
800 2290 983 2327 moritura
1011 2288 1207 2337 relinquat.

221 2352 369 2397 ‘Anna,
400 2350 504 2387 w'des
533 2357 615 2387 toto
643 2349 837 2399 properari
866 2347 1000 2384 litore:
1041 2347 1183 2383 circum

168 2411 336 2460 undique
365 2422 605 2455 convenere;
645 2416 756 2446 vocat
784 2409 860 2446 iam
890 2407 1069 2445 carbasus
1098 2418 1219 2451 auras,

168 2472 360 2521 puppibus
389 2477 426 2508 et
454 2470 541 2507 laeti
570 2476 708 2508 nautae
737 2469 954 2518 imposuere
982 2478 1158 2505 coronas.

1506 214 1569 255 380

1503 818 1566 849 390

1501 1114 1561 1147 395

1499 1412 1563 1444 400

1497 1707 1558 1739 405

1493 2003 1557 2033 410

1490 2303 1550 2335 415
