1669 2737
545 63 711 99 LIBER
739 64 813 100 XI.
849 57 898 99 18
902 61 1015 112 5-26
1020 71 1055 100 2.

107 174 225 212 multa
253 173 373 211 virum
402 173 544 211 meritis
573 180 759 211 sustentat
787 172 890 211 sama
919 173 1096 223 tropaeis.

162 234 250 271 Hos
278 233 374 270 inter
402 240 540 278 motus,
570 233 699 270 medio
727 233 766 270 in
796 233 981 281 flagrante
1011 232 1185 277 tumultu,

109 305 198 330 ecce
227 304 340 341 super
368 292 503 329 maesti
531 304 674 341 magna
701 291 903 329 Diomedis
933 292 982 328 ab
1010 293 1103 328 urbe

108 351 223 400 legati
250 362 438 400 responsa
466 350 612 388 ferunt:
650 351 743 387 nihil
772 350 950 388 omnibus
980 358 1107 387 actum

108 418 301 448 tantorum
330 410 514 459 impensis
543 421 713 459 operum,
742 409 794 446 nil
823 409 927 446 dona
955 421 1080 458 neque
1110 420 1243 446 aurum

109 482 181 507 nec
210 480 373 517 magnas
402 468 562 506 valuisse
591 480 736 517 preces,
767 468 838 505 alia
868 480 973 504 arma
1001 468 1147 505 Latinis

109 528 327 577 quaerenda
354 535 419 565 aut
447 540 583 577 pacem
613 527 784 565 Troiano
814 529 862 565 ab
891 540 981 577 rege
1010 527 1230 577 petendum.

109 587 249 626 Deficit
276 588 423 637 ingenti
451 587 554 625 luctu
582 599 647 624 rex
677 587 757 636 ipse
787 586 957 624 Latinus.

110 646 279 685 Fatalem
307 648 469 685 Aenean
496 646 700 684 manifesto
730 647 886 683 numine
916 646 1001 683 ferri

111 707 294 745 admonet
322 707 376 744 ira
404 707 518 744 deum
547 707 757 756 tumulique
787 713 874 743 ante
904 718 970 743 ora
997 713 1182 744 recentes.

110 764 217 815 Ergo
246 766 450 804 concilium
478 778 664 815 magnum
693 767 914 814 primosque
945 777 1103 802 suorum

111 826 272 875 imperio
300 826 442 863 accitos
471 826 545 863 alta
572 826 670 862 intra
698 825 830 862 limina
858 825 971 873 cogit.

113 884 189 923 Olli
218 897 429 923 convenere
458 885 656 934 fluuntque
686 885 735 922 ad
762 884 864 933 regia
893 884 1014 932 plenis

112 952 212 983 tecta
238 945 318 982 viis.
376 944 492 982 Sedet
520 945 558 981 in
587 945 722 982 mediis
752 951 789 981 et
817 943 1008 981 maximus
1034 955 1127 981 aevo

113 1011 152 1043 et
178 1005 323 1054 primus
352 1005 509 1053 sceptris
538 1004 640 1041 haud
669 1004 767 1041 laeta
797 1003 918 1040 fronte
948 1003 1118 1040 Latinus.

113 1065 241 1114 Atque
269 1064 332 1101 hic
360 1064 507 1113 legatos
537 1063 677 1101 Aetola
706 1076 752 1100 ex
781 1063 874 1100 urbe
903 1063 1085 1100 remissos

115 1136 213 1174 quae
241 1123 403 1160 referant
430 1122 499 1159 fari
528 1123 643 1168 iubet,
674 1129 710 1160 et
738 1134 925 1171 responsa
952 1121 1118 1171 reposcit

115 1183 249 1220 ordine
279 1190 417 1220 cuncta
445 1193 526 1220 suo.
585 1181 689 1219 Tum
719 1182 819 1219 facta
849 1181 995 1219 silentia
1023 1181 1173 1230 linguis,

117 1249 154 1279 et
181 1241 354 1279 Venulus
384 1241 485 1279 dicto
515 1253 655 1290 parens
685 1241 737 1278 ita
765 1241 875 1278 farier
903 1240 1009 1277 infit:

173 1300 381 1347 ‘Vidimus,
413 1312 436 1338 o
467 1301 580 1346 cives,
611 1300 844 1338 Diomedem
873 1300 1092 1349 Argivaque
1123 1298 1254 1346 castra,

118 1366 232 1409 atque
262 1360 331 1397 iter
360 1360 506 1397 emensi
535 1372 646 1397 casus
675 1359 935 1408 superavimus
965 1371 1101 1396 omnes

119 1420 424 1468 contigimusque
452 1431 622 1465 manum,
653 1432 729 1469 qua
759 1419 926 1457 concidit
955 1418 1024 1455 Ilia
1053 1419 1171 1456 tellus.

118 1480 187 1517 Ille
217 1479 350 1516 urbem
378 1479 608 1527 Argyripam
638 1479 780 1528 patriae
810 1479 1044 1527 cognomine
1073 1479 1198 1527 gentis

120 1541 241 1577 victor
271 1538 443 1588 Gargani
473 1539 661 1576 condebat
690 1539 845 1588 Iapygis
874 1539 985 1588 agris.

121 1599 332 1648 Postquam
363 1598 585 1646 introgressi
613 1605 651 1635 et
679 1610 810 1635 coram
840 1598 927 1635 data
957 1598 1069 1647 copia
1099 1597 1214 1641 fandi,

121 1670 281 1695 munera
308 1657 568 1709 praeferimus,
598 1669 742 1694 nomen
773 1658 1010 1706 patriamque
1041 1657 1237 1702 docemus,

122 1720 188 1769 qui
215 1719 357 1756 bellum
386 1718 588 1763 intulerint,
620 1731 718 1768 quae
749 1731 865 1756 causa
894 1719 1086 1756 attraxerit
1114 1719 1255 1768 Arpos.

122 1778 273 1816 Auditis
301 1777 361 1815 ille
391 1777 488 1815 haec
516 1777 668 1826 placido
699 1778 753 1815 sic
782 1778 945 1815 reddidit
973 1789 1062 1815 ore:

125 1838 196 1876 “O
226 1837 440 1874 fortunatae
467 1844 614 1885 gentes,
647 1837 822 1875 Saturnia
850 1849 978 1886 regna,

124 1898 270 1946 antiqui
298 1897 472 1942 Ausonii,
502 1909 600 1946 quae
628 1909 696 1935 vos
726 1897 877 1934 fortuna
906 1897 1055 1946 quietos

126 1957 300 1994 sollicitat
328 1956 537 2006 suadetque
566 1957 698 2005 ignota
726 1956 912 1993 lacessere
943 1955 1065 1993 bella?

126 2017 358 2065 quicumque
387 2015 524 2053 Iliacos
554 2016 653 2053 ferro
681 2016 904 2053 violavimus
934 2027 1047 2064 agros

128 2074 253 2125 (mitto
283 2087 339 2120 ea,
369 2086 467 2123 quae
496 2075 612 2112 muris
640 2075 818 2112 bellando
849 2074 1033 2111 exhausta
1061 2074 1131 2110 sub
1160 2074 1254 2119 altis,

128 2146 227 2185 quos
257 2133 395 2171 Simois
423 2142 569 2184 premat
599 2134 658 2171 ille
687 2133 816 2184 viros),
847 2134 1003 2170 infanda
1032 2146 1099 2182 per
1129 2135 1261 2170 orbem

128 2193 313 2243 supplicia
343 2199 379 2230 et
406 2193 591 2230 scelerum
620 2205 768 2243 poenas
797 2193 1049 2243 expendimus
1080 2204 1227 2236 omnes,

128 2254 188 2291 vel
215 2252 367 2289 Priamo
396 2252 613 2290 miseranda
640 2264 801 2289 manus:
842 2252 910 2289 scit
939 2252 1042 2288 triste
1073 2250 1271 2288 Minervae

130 2312 233 2350 sidus
261 2317 299 2348 et
326 2310 519 2348 Euboicae
549 2318 678 2348 cautes
708 2311 882 2360 ultorque
913 2310 1146 2360 Caphereus.

130 2371 264 2409 Militia
293 2382 340 2407 ex
369 2369 429 2406 illa
458 2370 649 2407 diversum
677 2370 727 2407 ad
754 2370 840 2407 litus
871 2370 993 2407 abacti

129 2430 280 2469 Atrides
309 2430 434 2468 Protei
464 2429 664 2468 Menelaus
693 2430 863 2480 adusque
893 2430 1091 2469 columnas

1409 69 1489 113 303

1430 246 1489 277 ²²5

1433 542 1494 572 ²30

1437 839 1495 870 235

1438 1137 1499 1169 ²40
