1669 2737
151 53 235 96 304
731 48 766 84 Α
770 50 954 87 ENEIS.

153 156 308 201 exsulat,
338 156 532 194 Aetnaeos
562 156 653 194 vidit
683 156 873 207 Cyclopas
902 158 1046 196 Ulixes.

153 215 291 264 Regna
320 215 568 265 Neoptolemi
598 217 760 254 referam
790 230 996 266 versosque
1025 224 1185 266 penates

152 275 379 312 Idomenei?
422 275 620 324 Libycone
649 276 861 314 habitantes
889 277 997 313 litore
1027 277 1203 314 Locros?

152 334 243 384 Ipse
273 334 509 383 Mycenaeus
537 348 771 384 magnorum
800 336 937 374 ductor
964 336 1154 373 Achivum

153 394 327 441 coniugis
356 394 534 431 infandae
563 395 687 443 prima
716 395 812 432 inter
842 396 972 432 limina
1001 395 1134 432 dextra

154 454 336 503 oppetiit;
376 453 563 491 devictam
595 455 728 491 Asiam
758 455 929 492 subsedit
958 455 1113 492 adulter.

154 513 339 550 Invidisse
369 513 473 559 deos,
503 514 632 561 patriis
661 520 701 550 ut
730 514 898 552 redditus
928 515 1001 552 aris

156 573 379 620 coniugium
407 579 580 621 optatum
610 579 647 609 et
676 572 875 621 pulchram
905 572 1104 622 Calydona
1133 572 1327 611 viderem?

156 631 271 669 Nunc
301 632 414 669 etiam
443 631 609 668 horribili
637 632 718 668 visu
746 639 924 680 portenta
953 639 1172 681 sequuntur,

155 699 192 730 et
222 693 315 730 socii
343 692 473 730 amissi
502 692 693 741 petierunt
723 692 875 730 aethera
902 694 1040 742 pennis

156 752 450 800 fluminibusque
480 757 666 799 vagantur
695 763 783 787 aves
813 751 905 800 (heu
934 751 1012 788 dira
1040 763 1214 789 meorum

157 811 343 860 supplicia
357 809 381 860 l)
411 816 449 847 et
478 810 660 858 scopulos
689 809 899 847 lacrimosis
929 811 1084 848 vocibus
1113 811 1284 859 implent.

158 871 268 908 Haec
297 871 395 908 adeo
425 882 472 906 ex
501 869 563 906 illo
594 869 685 906 mihi
715 869 790 906 iam
822 870 1012 919 speranda
1041 870 1194 907 fuerunt

157 938 341 979 tempore,
371 942 459 967 cum
489 929 588 966 ferro
618 929 795 966 caelestia
825 940 988 977 corpora
1016 929 1174 966 demens

158 990 299 1038 appetii
329 995 365 1026 et
393 988 555 1025 Veneris
585 988 720 1025 violavi
750 987 903 1025 vulnere
933 988 1117 1025 dextram.

158 1050 219 1087 Ne
247 1062 348 1094 vero,
378 1062 426 1086 ne
457 1061 518 1085 me
548 1049 597 1086 ad
626 1049 719 1085 tales
749 1048 930 1097 impellite
959 1060 1133 1097 pugnas:

157 1123 229 1148 nec
259 1110 351 1146 mihi
380 1121 468 1147 cum
499 1108 659 1145 Teucris
690 1108 808 1146 ullum
838 1115 926 1158 post
955 1116 1060 1146 eruta
1087 1109 1229 1146 bellum

158 1170 356 1218 Pergama,
386 1180 457 1205 nec
486 1175 654 1205 veterum
682 1168 838 1204 memini
867 1168 1029 1205 laetorve
1058 1169 1258 1206 malorum.

159 1228 332 1273 Munera,
362 1239 460 1276 quae
489 1227 620 1275 patriis
650 1227 699 1263 ad
728 1239 789 1264 me
819 1228 976 1276 portatis
1007 1228 1056 1264 ab
1084 1228 1171 1270 oris,

158 1288 285 1325 vertite
314 1287 363 1324 ad
392 1286 564 1323 Aenean.
623 1285 801 1323 Stetimus
832 1286 906 1323 tela
936 1299 1070 1335 aspera
1099 1293 1231 1323 contra

159 1347 463 1394 contulimusque
491 1357 653 1382 manus:
693 1352 851 1394 experto
882 1346 1032 1391 credite,
1062 1353 1226 1393 quantus

160 1408 198 1443 in
228 1407 392 1454 clipeum
423 1411 606 1453 assurgat,
637 1416 714 1453 quo
745 1405 891 1441 turbine
921 1411 1096 1454 torqueat
1124 1404 1284 1442 hastam.
1315 1412 1325 1426 ⁶

162 1465 200 1503 Si
230 1466 307 1502 duo
336 1471 531 1513 praeterea
560 1463 653 1501 tales
683 1464 798 1501 Idaea
827 1464 971 1501 tulisset

161 1531 258 1562 terra
287 1524 397 1568 viros,
427 1523 525 1559 ultro
556 1522 733 1560 Inachias
763 1524 926 1560 venisset
956 1523 1004 1560 ad
1033 1523 1146 1560 urbes

160 1583 375 1627 Dardanus,
406 1588 442 1618 et
471 1583 586 1618 versis
615 1582 761 1630 lugeret
790 1582 952 1620 Graecia
980 1582 1075 1620 fatis.

162 1641 360 1690 Quidquid
390 1640 493 1689 apud
522 1640 636 1677 durae
666 1648 856 1678 cessatum
885 1647 942 1678 est
971 1641 1124 1677 moenia
1153 1639 1305 1686 Troiae,

162 1701 342 1739 Hectoris
371 1700 603 1748 Aeneaeque
633 1712 749 1736 manu
778 1700 932 1737 victoria
961 1700 1120 1737 Graium

162 1761 282 1798 haesit
311 1766 347 1796 et
376 1760 414 1796 in
444 1759 635 1796 decimum
664 1760 823 1807 vestigia
851 1759 991 1796 rettulit
1020 1771 1175 1795 annum.

162 1821 292 1857 Ambo
321 1818 470 1863 animis,
500 1818 613 1855 ambo
642 1818 812 1866 insignes
841 1818 1120 1867 praestantibus
1149 1818 1273 1863 armis,

162 1879 223 1916 hic
251 1879 391 1927 pietate
420 1877 532 1927 prior.
591 1876 740 1914 Coeant
768 1878 807 1914 in
837 1877 991 1914 foedera
1021 1878 1183 1921 dextrae,

163 1950 238 1987 qua
269 1938 377 1974 datur
393 1950 404 1983 3
441 1942 499 1975 ast
527 1937 641 1973 armis
671 1944 901 1973 concurrant
929 1948 1034 1973 arma
1063 1936 1216 1974 cavete.'

162 1997 214 2034 Et
242 2008 425 2046 responsa
455 1995 565 2032 simul
595 2008 693 2045 quae
722 1996 807 2040 sint,
837 2009 902 2033 rex
932 1995 1087 2045 optime,
1117 1995 1218 2044 regis

163 2057 299 2094 audisti
328 2063 365 2093 et
392 2068 492 2104 quae
522 2057 566 2093 sit
595 2068 737 2105 magno
768 2056 953 2093 sententia
983 2054 1107 2092 bellO.'

215 2116 293 2153 Vix
322 2129 366 2153 ea
395 2116 521 2164 legati,
552 2117 752 2165 variusque
782 2128 850 2165 per
879 2128 946 2153 ora
974 2116 1134 2152 cucurrit

163 2176 406 2214 Ausonidum
435 2176 582 2212 turbata
610 2175 773 2213 fremor:
813 2188 883 2213 ceu
912 2187 1003 2212 saxa
1031 2180 1226 2211 morantur

163 2248 252 2273 cum
281 2235 436 2283 rapidos
466 2247 610 2280 amnes,
642 2235 682 2272 fit
711 2235 840 2272 clauso
870 2234 1018 2283 gurgite
1047 2246 1216 2270 murmur

163 2296 384 2343 vicinaeque
413 2294 578 2331 fremunt
605 2294 707 2343 ripae
737 2294 1004 2343 crepitantibus
1032 2293 1153 2330 undis.

166 2355 217 2392 Ut
245 2355 409 2403 primurn
439 2354 575 2402 placati
606 2354 723 2390 animi
753 2361 789 2390 et
818 2353 963 2402 trepida
991 2365 1057 2390 ora
1084 2353 1268 2402 quierunt,

164 2413 356 2463 praefatus
386 2413 492 2450 divos
522 2412 619 2450 solio
648 2425 714 2450 rex
743 2412 823 2450 infit
853 2413 901 2450 ab
930 2412 1028 2450 alto:

1478 281 1538 322 265

1479 584 1541 618 270

1482 1173 1544 1203 280

1481 1469 1542 1509 285

1482 1774 1545 1805 290

1482 2069 1542 2102 295
1586 2089 1588 2091 .

1481 2367 1544 2398 300
