1669 2737
593 78 762 113 LIBER
792 78 859 113 IV.
894 72 1074 125 29-106.

145 190 299 239 regibus
327 188 482 225 incessit
511 199 654 236 magno
684 186 874 224 discordia
902 192 1033 222 motu:

146 251 407 296 continuoque
437 247 587 283 animos
616 246 718 294 vulgi
746 254 782 283 et
811 245 1039 294 trepidantia
1067 243 1166 280 bello

146 308 264 345 corda
291 307 377 343 licet
406 306 522 353 longe
552 305 830 354 praesciscere:
871 315 1039 352 namque
1067 311 1257 339 morantes

147 367 306 404 Martius
335 367 395 403 ille
425 367 520 404 aeris
549 367 653 404 rauci
684 377 802 402 canor
830 366 1011 412 increpat,
1042 370 1079 401 et
1108 375 1183 400 vox

146 428 294 465 auditur
323 425 462 464 fractos
493 426 639 463 sonitus
671 426 816 463 imitata
845 425 1043 469 tubarum

147 496 226 525 tum
256 487 425 536 trepidae
455 487 551 523 inter
581 498 621 523 se
652 492 793 524 coeunt
822 484 1037 534 pennisque
1067 494 1270 521 coruscant

146 547 367 596 spiculaque
396 552 589 583 exacuunt
617 546 749 583 rostris
779 550 988 593 aptantque
1017 543 1191 587 lacertos,

147 614 183 644 et
213 607 313 644 circa
340 617 472 654 regem
503 612 618 654 atque
648 606 732 654 ipsa
762 604 811 641 ad
840 603 1028 652 praetoria
1058 603 1201 639 densae

147 666 354 703 miscentur
382 665 610 713 magnisque
641 672 780 701 vocant
809 663 1040 700 clamoribus
1069 662 1245 699 hostem:

145 736 240 773 ergo
268 724 335 761 ubi
363 735 426 761 ver
454 730 588 760 nactae
617 723 756 760 sudum
786 733 1023 770 camposque
1051 728 1227 770 patentes

146 789 351 832 erumpunt
379 783 508 832 portis,
538 783 785 827 concurritur,
817 781 969 818 aethere
998 781 1038 816 in
1067 781 1142 817 alto

147 843 188 879 fit
216 843 374 886 sonitus,
404 854 590 890 magnum
619 842 761 878 mixtae
790 841 1051 889 glomerantur
1078 840 1117 876 in
1146 840 1291 884 orbern,

149 903 451 952 praecipitesque
481 902 644 948 cadunt3
687 913 768 939 non
798 901 952 938 densior
979 905 1064 937 ae're
1093 900 1251 948 grando,

148 973 220 999 nec
249 961 296 998 de
325 972 514 998 concussa
542 968 690 998 tantum
719 960 813 1009 pluit
843 960 928 996 ilice
956 959 1131 1008 glandis:

147 1021 218 1070 ipsi
248 1032 317 1069 per
345 1020 493 1057 medias
522 1020 622 1057 acies
652 1020 867 1068 insignibus
896 1019 964 1056 alis

147 1080 323 1129 ingentes
351 1080 502 1116 animos
530 1085 695 1128 angusto
725 1080 763 1116 in
793 1086 948 1127 pectore
978 1084 1140 1120 versant,

148 1151 270 1188 usque
299 1138 397 1176 adeo
426 1139 558 1175 obnixi
588 1151 667 1175 non
697 1138 844 1183 cedere,
875 1137 967 1174 dum
995 1138 1119 1186 gravis
1149 1145 1213 1175 aut
1242 1138 1313 1174 hos

149 1205 214 1236 aut
243 1198 316 1235 hos
344 1210 453 1236 versa
483 1197 574 1246 fuga
603 1198 721 1235 victor
751 1197 839 1234 dare
868 1204 976 1246 terga
1005 1198 1164 1245 subegit.

150 1258 204 1295 Hi
233 1265 361 1295 motus
390 1258 606 1295 animorum
636 1265 748 1306 atque
780 1256 873 1294 haec
901 1256 1109 1293 certamina
1139 1262 1243 1292 tanta

149 1317 314 1367 pulveris
343 1317 471 1364 exigui
499 1316 599 1354 iactu
628 1328 850 1365 compressa
878 1316 1087 1365 quiescunt.

207 1375 350 1413 Verum
379 1376 444 1413 ubi
473 1376 651 1413 ductores
680 1376 760 1413 acie
789 1375 1023 1413 revocaveris
1052 1375 1180 1418 ambo,

149 1436 313 1473 deterior
340 1436 406 1485 qui
435 1436 546 1481 visus,
578 1448 679 1480 eum,
709 1448 758 1472 ne
788 1434 970 1484 prodigus
1000 1435 1111 1479 obsit,

149 1496 248 1534 dede
276 1496 361 1533 neci
377 1509 388 1543 3
425 1495 560 1533 melior
589 1508 707 1533 vacua
737 1496 818 1532 sine
848 1501 981 1543 regnet
1010 1495 1048 1531 in
1078 1495 1173 1531 aula.

150 1556 258 1594 Alter
286 1556 355 1593 erit
382 1555 541 1593 maculis
571 1567 662 1592 auro
693 1555 955 1605 squalentibus
983 1554 1147 1591 ardens:

150 1627 241 1652 nam
269 1614 346 1652 duo
376 1621 465 1652 sunt
491 1627 660 1664 genera:
700 1614 761 1651 hic
791 1613 926 1650 melior
953 1613 1113 1662 insignis
1142 1620 1178 1650 et
1202 1624 1266 1649 ore

149 1682 188 1712 et
214 1674 333 1711 rutilis
363 1673 485 1711 clarus
515 1674 708 1723 squamis;
748 1673 808 1710 ille
837 1673 1013 1710 horridus
1042 1672 1134 1710 alter

150 1733 298 1770 desidia
326 1733 518 1782 latamque
548 1733 702 1770 trahens
732 1733 918 1781 inglorius
946 1733 1082 1769 alvum.

150 1792 205 1830 Ut
232 1793 345 1830 binae
375 1804 510 1841 regum
539 1792 667 1838 facies,
699 1793 750 1830 ita
778 1804 942 1842 corpora
971 1792 1103 1841 plebis.

151 1851 332 1902 Namque
361 1851 457 1889 aliae
486 1859 616 1901 turpes
645 1852 811 1897 horrent,
841 1863 912 1889 ceu
941 1851 1093 1900 pulvere
1123 1852 1171 1888 ab
1201 1851 1275 1887 alto

151 1923 241 1948 cum
269 1911 373 1948 venit
401 1918 439 1948 et
468 1912 572 1949 sicco
602 1918 742 1948 terram
772 1911 873 1960 spuit
902 1923 967 1948 ore
996 1910 1115 1948 viator

151 1970 279 2009 aridus
294 1984 306 2017 ς
345 1970 497 2008 elucent
525 1971 620 2008 aliae
650 1977 687 2008 et
716 1970 863 2019 fulgore
893 1977 1097 2008 coruscant

152 2030 329 2081 ardentes
359 2042 452 2067 auro
481 2037 518 2067 et
546 2030 701 2079 paribus
730 2030 793 2067 lita
823 2042 985 2078 corpora
1013 2030 1140 2078 guttis.

153 2089 265 2127 Haec
293 2090 419 2139 potior
447 2090 611 2134 suboles,
641 2089 730 2126 hinc
760 2088 854 2126 caeli
883 2096 1056 2137 ternpore
1086 2096 1189 2126 certo

152 2148 278 2186 dulcia
306 2149 419 2186 mella
447 2161 611 2198 premes,
640 2161 713 2186 nec
742 2156 890 2186 tantum
920 2148 1045 2185 dulcia
1073 2155 1258 2196 quantum

152 2215 189 2244 et
217 2207 360 2256 liquida
388 2214 426 2245 et
454 2208 593 2245 durum
623 2207 767 2245 Bacchi
796 2207 984 2244 domitura
1014 2218 1202 2255 saporem.

208 2267 260 2303 At
287 2279 376 2303 cum
405 2267 549 2304 incerta
577 2267 706 2304 volant
735 2266 918 2315 caeloque
949 2266 1126 2302 examina
1154 2264 1298 2310 ludunt,

153 2332 482 2374 contemnuntque
510 2326 617 2363 savos
647 2334 683 2363 et
712 2324 848 2373 frigida
877 2331 976 2362 tecta
1004 2324 1232 2374 relinquunt,

154 2385 347 2422 instabiles
377 2386 527 2422 animos
557 2385 647 2422 ludo
677 2384 898 2434 prohibebis
929 2385 1044 2421 inani.

155 2444 239 2483 Nec
269 2456 434 2495 magnus
462 2444 664 2494 prohibere
694 2445 824 2482 labor:
866 2452 906 2482 tu
934 2445 1086 2494 regibus
1115 2445 1193 2482 alas

1496 906 1538 935 80

1496 1509 1538 1539 93

1480 2101 1539 2123 100

1481 2397 1536 2427 ¹05
