1669 2737
188 73 243 125 48
745 81 817 116 GE
821 81 951 117 ORGI
950 80 1015 117 CA
1020 105 1031 119 .

188 196 309 228 terrea
337 190 541 240 progenies
571 189 673 228 duris
703 196 818 240 caput
848 190 977 228 extulit
1007 189 1114 236 arvis,

188 249 459 298 immissaeque
489 249 589 286 ferae
620 250 720 287 silvis
751 260 787 287 et
819 250 944 287 sidera
973 250 1091 288 caelo.

190 307 273 345 Nec
303 320 362 346 res
391 309 493 345 hunc
523 314 675 346 tenerae
706 316 866 358 possent
895 308 1058 358 perferre
1088 308 1273 357 laborem,

190 366 220 403 si
248 378 328 403 non
357 373 460 403 tanta
490 367 596 415 quies
625 367 694 404 iret
723 367 917 416 frigusque
947 367 1191 416 caloremque

190 427 295 472 inter,
326 433 363 464 et
391 426 582 476 exciperet
612 428 705 464 caeli
736 427 976 476 indulgentia
1005 435 1133 466 terras.
1521 442 1580 474 345

245 487 363 533 Quod
393 494 576 536 superest,
607 500 872 537 quaecumque
901 500 1053 537 premes
1082 488 1243 536 virgulta
1272 500 1341 538 per
1371 499 1497 537 agrOS‚

191 561 326 598 sparge
356 549 447 585 fimo
476 549 620 598 pingui,
651 557 687 587 et
717 550 836 587 multa
863 561 1014 587 memor
1042 550 1176 587 occule
1205 557 1313 595 terra,

191 618 255 648 aut
285 611 450 660 lapidem
480 611 652 648 bibulum
682 618 746 649 aut
776 612 993 661 squalentes
1022 611 1152 649 infode
1183 611 1378 650 conchas:

192 673 287 710 inter
315 672 418 709 enim
448 671 621 710 labentur
650 685 783 722 aquae,
815 673 1018 722 tenuisque
1048 672 1188 710 subibit

191 730 340 777 halitus,
370 737 484 779 atque
513 731 664 769 animos
693 732 826 769 tollent
856 739 948 769 sata.
1007 731 1168 780 Iamque
1199 730 1346 781 reperti,
1522 744 1587 777 350

192 792 255 841 qui
286 803 379 828 saxo
409 804 523 840 super
551 798 664 841 atque
693 793 859 841 ingentis
888 792 1061 841 pondere
1092 798 1211 829 testae

192 857 393 899 urgerent:
433 850 509 888 hoc
537 851 679 889 effusos
709 852 907 889 munimen
938 851 986 888 ad
1015 852 1169 896 imbres,

192 909 278 955 hoc,
307 910 371 946 ubi
400 909 525 947 hiulca
554 910 612 947 siti
643 911 751 948 findit
780 910 898 948 Canis
927 910 1077 948 aestifer
1105 922 1205 949 arva.

247 969 465 1007 Seminibus
495 970 627 1018 positis
659 976 831 1020 superest
859 970 1037 1007 diducere
1068 976 1207 1007 terram

193 1028 345 1077 saepius
372 1027 421 1065 ad
450 1029 575 1077 capita
602 1035 638 1065 et
667 1029 781 1066 duros
811 1029 949 1066 iactare
979 1028 1165 1073 bidentes,
1522 1042 1585 1074 355

194 1094 258 1125 aut
285 1099 418 1136 presso
447 1100 625 1125 exercere
654 1088 779 1125 solum
810 1089 880 1125 sub
909 1100 1064 1125 vomere
1095 1093 1132 1125 et
1161 1088 1243 1137 ipsa.

194 1151 345 1188 flectere
374 1149 560 1187 luctantes
591 1150 686 1188 inter
714 1151 838 1188 vineta
868 1151 1073 1197 iuvencos3

194 1218 273 1248 tum
304 1210 405 1248 leves
433 1210 601 1247 calamos
630 1217 667 1248 et
695 1223 802 1248 rasae
833 1211 981 1248 hastilia
1009 1211 1137 1259 virgae

195 1269 459 1318 fraxineasque
489 1277 617 1318 aptare
647 1269 760 1307 sudes
790 1269 993 1319 furcasque
1023 1270 1203 1316 valentes,

194 1331 334 1369 viribus
362 1330 452 1368 eniti
482 1342 641 1379 quarum
670 1337 706 1368 et
734 1337 981 1368 contemnere
1009 1337 1144 1368 ventos
1528 1332 1591 1374 360

196 1396 415 1428 assuescant
445 1402 690 1438 summasque
720 1390 826 1439 sequi
857 1390 1023 1427 tabulata
1052 1401 1120 1438 per
1151 1388 1289 1427 ulmos.

249 1450 308 1486 Ae
337 1449 429 1486 dum
458 1449 579 1497 prima
608 1449 715 1486 novis
744 1449 927 1486 adolescit
956 1448 1154 1486 frondibus
1183 1455 1300 1493 aetas,

196 1508 433 1558 parcendum
463 1508 612 1554 teneris,
643 1514 680 1545 et
709 1508 801 1545 dum
831 1521 870 1545 se
899 1508 1020 1545 laetus
1050 1508 1099 1545 ad
1127 1519 1236 1545 auras

197 1570 344 1619 palmes
373 1569 449 1617 agit
478 1568 572 1605 laxis
601 1581 668 1618 per
697 1581 834 1617 purum
864 1568 1055 1605 immissus
1085 1567 1257 1613 habenis,

197 1630 282 1680 ipsa
310 1629 390 1666 acie
420 1629 593 1666 nondum
624 1628 728 1666 falcis
758 1628 991 1678 temptanda,
1023 1628 1091 1665 sed
1120 1628 1231 1665 uncis
1529 1629 1590 1671 365

199 1690 413 1740 carpendae
442 1689 618 1726 manibus
649 1688 807 1726 frondes
837 1689 1010 1738 interque
1040 1688 1238 1737 legendae.

199 1750 296 1788 Inde
325 1749 390 1787 ubi
419 1749 495 1785 iam
523 1748 656 1785 validis
685 1748 888 1797 amplexae
919 1748 1097 1796 stirpibus
1127 1746 1253 1784 ulmos

200 1810 368 1855 exierint,
398 1815 479 1846 tum
509 1808 650 1856 stringe
680 1820 824 1853 comas,
856 1815 938 1845 tum
968 1807 1145 1845 bracchia
1173 1806 1294 1845 tonde

200 1871 305 1923 (ante
334 1869 584 1907 reformidant
614 1867 780 1918 ferrum),
811 1875 892 1905 tum
922 1868 1088 1916 denique
1118 1867 1212 1906 dura

201 1942 335 1968 exerce
365 1928 524 1977 imperia
553 1934 591 1964 et
619 1939 749 1964 ramos
780 1939 988 1976 compesce
1017 1927 1192 1964 fluentes.
1531 1936 1594 1971 370

254 1989 465 2027 Texendae
499 2000 634 2037 saepes
663 1987 776 2025 etiam
807 1994 843 2025 et
872 1999 991 2036 pecus
1020 1998 1136 2024 omne
1166 1984 1388 2027 tenendum,

201 2049 405 2099 praecipue
436 2047 528 2084 dum
558 2046 662 2084 frons
693 2054 822 2083 tenera
854 2045 1154 2095 imprudensque
1183 2045 1383 2091 laborum3

202 2110 264 2149 cui
292 2121 405 2158 super
434 2108 611 2156 indignas
641 2106 788 2144 hiemes
818 2107 1017 2155 solemque
1046 2112 1245 2154 potentem

203 2170 389 2207 silvestres
417 2167 473 2204 uri
503 2166 654 2203 assidue
683 2178 922 2215 capreaeque
953 2176 1139 2213 sequaces

202 2228 375 2272 illudunt,
404 2233 611 2275 pascuntur
639 2237 730 2262 oves
761 2225 971 2274 avidaeque
1006 2225 1202 2262 iuvencae.
1531 2233 1594 2268 375

203 2288 363 2336 Frigora
391 2298 462 2323 nec
492 2292 639 2322 tantum
669 2297 767 2322 cana
796 2290 975 2322 concreta
1002 2283 1138 2332 pruina

203 2354 266 2385 aut
294 2346 418 2396 gravis
448 2345 677 2383 incumbens
708 2343 875 2393 scopulis
906 2342 1098 2380 arentibus
1128 2349 1264 2388 aestas,

203 2412 389 2456 quantum
418 2404 469 2441 illi
499 2415 666 2442 nocuere
696 2415 833 2452 greges
864 2402 1021 2452 durique
1051 2414 1242 2438 venenum

205 2465 329 2504 dentis
359 2470 395 2502 et
425 2464 603 2502 admorso
636 2463 785 2512 signata
812 2462 852 2499 in
882 2462 996 2512 stirpe
1027 2461 1191 2499 cicatrix.
