1669 2737
122 87 203 129 330
701 79 925 114 AENEJS.

121 189 294 227 hostibus
324 188 533 237 insultans;
575 189 717 240 spargit
745 189 878 240 rapida
908 188 1052 239 ungula
1083 201 1186 228 rores

78 263 82 269 ·
123 249 368 297 sanguineos,
398 250 593 299 mixtaque
629 261 740 287 cruor
769 250 935 287 calcatur
967 250 1120 286 harena.
1449 261 1511 293 340

122 306 283 356 Iamque
312 308 397 344 neci
428 307 729 357 Sthenelumque
764 308 867 345 dedit
895 308 1214 357 Thamyrumque
1244 304 1496 354 Pholumque,

122 364 225 402 hunc
254 377 485 415 congressus
515 373 552 404 et
581 367 696 412 hunc,
726 367 831 404 illurn
861 367 1035 412 eminus3
1076 366 1225 403 eminus
1255 365 1372 401 ambo

123 423 367 470 Imbrasidas,
399 424 592 463 Glaucum
621 433 736 475 atque
768 426 913 471 Laden,
944 437 1043 475 quos
1074 424 1272 462 Imbrasus
1302 424 1385 473 ipse

124 483 303 520 nutrierat
333 483 451 533 Lycia
479 486 712 534 paribusque
742 490 943 523 ornaverat
972 484 1098 528 armis,

123 542 182 579 vel
211 542 382 580 conferre
412 556 571 581 manum
600 545 658 581 vel
688 557 788 594 equo
817 550 1055 594 praevertere
1086 549 1232 580 ventos.
1449 555 1511 586 345

124 601 235 640 Parte
265 603 337 640 alia
365 603 492 640 media
522 603 717 641 Eumedes
746 605 786 641 in
816 605 960 653 proelia
989 603 1116 648 fertur,

125 662 269 711 antiqui
298 662 425 711 proles
454 662 554 700 bello
584 663 779 712 praeclara
809 662 984 709 Dolonis,

124 723 282 759 nomine
312 734 425 759 avum
454 722 635 768 referens,
665 723 795 760 animo
825 724 1082 772 manibusque
1112 727 1322 772 parentem,

125 782 190 830 qui
219 783 427 832 quondam,
459 790 581 820 castra
609 790 650 821 ut
680 783 860 820 Danaum
892 783 1110 833 speculator
1139 783 1270 827 adiret,

125 854 240 879 ausus
270 842 423 879 Pelidae
452 843 617 891 pretium
648 843 719 880 sibi
749 855 909 892 poscere
939 853 1069 880 currus
1080 854 1091 888 3
1453 855 1516 887 350

125 900 230 937 illum
261 900 433 949 Tydides
463 900 536 938 alio
567 913 638 950 pro
669 902 806 938 talibus
836 902 938 939 ausis

126 959 252 996 affecit
283 959 416 1009 pretio,
447 972 519 997 nec
549 961 656 1009 equis
686 961 828 1009 aspirat
857 961 1027 998 Achillis.

128 1018 246 1055 Hunc
276 1018 409 1067 procul
438 1026 480 1055 ut
509 1032 649 1069 campo
681 1019 837 1057 Turnus
867 1021 1066 1070 prospexit
1096 1024 1242 1069 aperto,

126 1085 214 1116 ante
244 1077 314 1115 levi
344 1078 468 1116 iaculo
488 1076 658 1129 'longum
688 1092 755 1129 per
785 1081 898 1118 inane
929 1087 1083 1118 secutus

127 1137 222 1175 sistit
249 1149 371 1186 equos
399 1138 545 1188 biiuges
568 1146 604 1176 et
634 1152 743 1176 curru
774 1139 897 1177 desilit
927 1146 1043 1189 atque
1453 1149 1516 1181 355

127 1197 340 1235 semianimi
369 1198 558 1248 lapsoque
588 1199 804 1248 supervenit
834 1206 869 1236 et
900 1200 998 1248 pede
1029 1198 1127 1236 collo

127 1259 313 1308 impresso
344 1259 499 1297 dextrae
528 1272 755 1297 mucronem
786 1266 986 1309 extorquet
1016 1266 1053 1296 et
1082 1259 1159 1296 alto

127 1318 338 1367 fulgentem
367 1318 477 1367 tingit
506 1319 636 1368 iugulo
666 1326 780 1369 atque
809 1319 904 1357 haec
933 1320 1089 1367 insuper
1118 1316 1245 1355 addit:

130 1377 211 1413 ‘En
240 1390 354 1426 agros
372 1384 420 1415 ·et
449 1391 565 1427 quam
595 1378 706 1425 bello,
738 1379 917 1425 Troiane,
947 1378 1084 1428 petisti,

129 1436 362 1486 Hesperiam
390 1438 522 1474 metire
551 1438 703 1476 iacens:
744 1438 838 1475 haec
868 1438 1039 1486 praemia
1068 1437 1132 1486 qui
1162 1448 1224 1473 me
1457 1440 1519 1480 360

130 1497 229 1533 ferro
259 1497 340 1533 ausi
370 1503 556 1545 temptare
586 1497 722 1543 ferunt,
752 1498 806 1534 sic
837 1497 990 1534 moenia
1020 1495 1214 1534 condunt.'

131 1555 234 1593 Huic
263 1556 444 1592 comitem
473 1557 646 1604 Asbyten
677 1558 852 1594 coniecta
881 1556 1039 1605 cuspide
1068 1556 1192 1600 mittit,

131 1615 381 1663 Chloreaque
404 1614 652 1664 Sybarimque
681 1615 901 1665 Daretaque
932 1614 1305 1664 Thersilochumque

131 1681 168 1712 et
197 1676 379 1713 sternacis
410 1675 497 1724 equi
527 1676 677 1724 lapsum
706 1676 850 1713 cervice
882 1676 1140 1724 Thymoeten.

132 1737 191 1774 Ac
218 1736 318 1773 velut
348 1734 478 1772 Edoni
509 1735 656 1772 Boreae
686 1748 775 1772 cum
805 1737 956 1784 spiritus
987 1736 1064 1772 alto
1459 1738 1519 1778 365

132 1797 285 1834 insonat
314 1796 471 1845 Aegaeo
503 1795 747 1845 sequiturque
776 1796 825 1832 ad
855 1796 963 1832 litora
992 1795 1140 1840 fluetus,

133 1869 208 1905 qua
237 1855 337 1892 venti
367 1855 582 1900 incubuere,
613 1854 743 1903 fugam
773 1855 864 1891 dant
894 1854 1023 1891 nubila
1052 1854 1182 1891 caelo:

134 1916 187 1953 sic
217 1914 363 1959 Turno,
394 1925 634 1963 quacumque
664 1914 763 1950 viam
794 1920 908 1958 secat,
939 1913 1094 1961 agmina
1124 1912 1264 1949 cedunt

134 1986 416 2023 conversaeque
445 1980 559 2010 ruunt
587 1974 710 2019 acies;
750 1972 822 2010 fert
850 1973 1014 2021 impetus
1043 1972 1180 2020 ipsum,
1274 1966 1278 1970 ”

134 2043 170 2073 et
198 2035 349 2072 cristam
377 2033 537 2071 adverso
567 2045 678 2070 curru
707 2033 826 2081 quatit
856 2045 947 2069 aura
975 2031 1177 2069 volantem.
1459 2044 1521 2077 370

135 2095 227 2132 Non
256 2093 339 2130 tulit
367 2093 573 2130 instantem
604 2092 779 2140 Phegeus
809 2091 1021 2140 animisque
1050 2090 1301 2128 frementem:

135 2152 274 2191 obiecit
303 2164 386 2189 sese
417 2152 465 2189 ad
495 2163 645 2189 currum
674 2157 711 2188 et
741 2142 958 2200 spumantia
986 2150 1100 2186 frenis

135 2225 202 2250 ora
231 2212 431 2249 citatorum
461 2211 593 2247 dextra
623 2210 779 2247 detorsit
808 2221 1005 2258 equorum.

135 2271 240 2308 Dum
269 2269 426 2306 trahitur
455 2270 673 2317 pendetque
704 2269 812 2316 iugis,
844 2268 945 2304 hunc
974 2267 1050 2304 lata
1077 2273 1261 2305 retectum

135 2331 268 2367 lancea
298 2329 543 2377 consequitur
571 2328 788 2376 rumpitque
817 2327 934 2364 infixa
963 2327 1114 2364 bilicem
1461 2343 1521 2375 375

137 2390 294 2426 loricam
324 2394 360 2426 et
390 2400 585 2425 summurn
616 2387 792 2435 degustat
820 2387 973 2423 vulnere
1003 2398 1151 2434 corpus.

139 2448 205 2486 Ille
235 2455 363 2485 tamen
394 2447 516 2496 clipeo
547 2445 697 2483 obiecto
729 2457 934 2484 conversus
963 2445 1002 2482 in
1032 2445 1182 2483 hostem
