1669 2737
107 69 189 111 342
682 64 911 99 AENEJS.

106 171 261 209 ulterius
293 176 477 220 temptare
507 169 618 208 veto.'
678 170 740 209 Sic
770 171 941 221 Iuppiter
969 183 1102 218 orsus;

109 233 162 269 sic
191 232 263 269 dea
293 232 500 269 summisso
531 238 665 269 contra
696 231 871 270 Saturnia
899 232 1026 270 vultu:

109 292 210 329 ‘Ista
241 292 396 341 quidem
427 291 516 341 quia
545 298 638 329 nota
667 292 758 329 mihi
788 298 864 337 tua,
894 305 1046 342 magne,
1079 293 1263 339 voluntas,

106 351 289 401 Iuppiter,
319 358 356 388 et
385 350 562 388 Turnum
592 357 629 388 et
658 358 776 389 terras
806 352 921 389 invita
950 352 1106 401 reliqui3

107 424 180 449 nec
210 418 249 448 tu
279 423 342 448 me
371 411 471 448 aeria
501 411 623 448 solam
654 424 757 449 nunc
788 411 879 448 sede
909 412 1055 449 videres

107 471 225 520 digna
248 470 406 519 indigna
435 471 526 519 pati,
557 471 625 508 sed
654 471 817 509 flammis
848 472 973 509 cincta
1003 473 1074 509 sub
1103 472 1186 521 ipsa

107 538 248 568 starem
278 531 359 568 acie
388 530 656 579 traheremque
686 531 841 568 inimica
871 531 910 567 in
939 531 1084 580 proelia
1113 532 1300 569 Teucros.

105 590 306 627 Iuturnam
336 591 476 627 misero
506 589 661 640 (fateor)
692 603 909 628 succurrere
939 591 1040 628 fratri

107 649 208 686 suasi
238 656 275 686 et
304 661 374 699 pro
403 650 478 686 vita
508 650 654 687 maiora
683 650 822 687 audere
851 651 1021 699 probavi,

105 721 185 746 non
214 716 253 746 ut
283 709 357 746 tela
386 716 528 753 tamen,
559 721 639 746 non
669 716 710 746 ut
739 710 989 747 contenderet
1017 723 1171 748 arcum:

106 769 238 806 adiuro
270 768 534 817 Stygiicaput
563 769 803 817 implacabile
833 769 958 815 fontis,

107 841 182 865 una
212 829 430 877 superstitio
461 828 609 877 superis
639 841 737 878 quae
766 829 913 866 reddita
942 828 1059 867 divis.'

105 887 155 924 Et
184 900 288 925 nunc
318 888 415 925 cedo
446 887 625 937 equidem
656 901 885 938 pugnasque
914 900 1034 926 exosa
1061 889 1246 938 relinquo.

104 947 204 984 Illud
234 953 281 993 te,
315 947 417 984 nulla
447 947 511 984 fati
541 947 646 996 quod
675 947 759 997 lege
789 955 948 993 tenetur,

104 1018 175 1055 pro
205 1007 317 1044 Latio
347 1008 528 1052 obtestor,
559 1019 630 1056 pro
660 1009 860 1045 maiestate
889 1015 1067 1045 tuorum:

105 1079 194 1104 cum
224 1067 299 1104 iam
330 1068 506 1104 conubiis
535 1080 671 1116 pacem
702 1067 874 1106 felicibus
905 1067 1022 1118 (esto)

104 1133 350 1175 component,
383 1139 472 1163 cum
501 1126 577 1163 iam
606 1127 711 1176 leges
742 1135 779 1165 et
808 1127 965 1165 foedera
994 1128 1165 1177 iungent,

105 1198 154 1222 ne
184 1193 291 1224 vetus
322 1186 524 1235 indigenas
554 1199 699 1224 nomen
728 1194 876 1224 mutare
908 1187 1067 1225 Latinos

104 1257 179 1283 neu
210 1245 334 1283 Troas
364 1247 443 1283 fieri
473 1247 605 1285 iubeas
636 1247 889 1297 Teucrosque
919 1248 1045 1284 vocari

103 1311 168 1341 aut
196 1317 330 1342 vocem
361 1313 508 1343 mutare
537 1307 637 1344 viros
667 1315 731 1344 aut
761 1314 904 1345 vertere
933 1314 1091 1344 vestem.

106 1364 161 1402 Sit
192 1364 356 1410 Latium,
388 1366 461 1402 sint
492 1366 632 1403 Albani
663 1379 730 1416 per
760 1367 912 1404 saecula
941 1379 1065 1415 reges,

103 1424 149 1461 sit
179 1423 359 1462 Romana
387 1432 528 1474 potens
559 1426 653 1463 Itala
683 1427 816 1463 virtute
846 1438 1045 1475 propago:

104 1485 256 1530 occidit,
287 1485 549 1534 occideritque
579 1487 682 1523 sinas
711 1499 800 1523 cum
831 1488 989 1524 nomine
1020 1487 1163 1524 Troia.⁷

106 1544 183 1583 Olli
213 1546 414 1584 subridens
444 1546 645 1583 hominum
674 1559 877 1596 remmque
907 1555 1099 1596 repertor:

103 1603 179 1642 ‘Es
209 1617 394 1654 germana
423 1606 526 1644 Iovis
558 1606 787 1655 Saturnique
817 1607 934 1644 altera
964 1607 1112 1656 proles;

102 1664 242 1702 irarum
273 1671 401 1703 tantos
430 1666 548 1703 volvis
578 1667 648 1702 sub
678 1673 833 1715 pectore
863 1666 1014 1704 fluctus.

103 1723 248 1762 Verum
279 1737 352 1774 age
382 1732 418 1762 et
447 1726 645 1774 inceptum
675 1726 810 1763 frustra
840 1727 1033 1764 summitte
1064 1726 1254 1764 furorem:

104 1786 155 1823 do
185 1786 291 1835 quod
321 1787 384 1832 vis,
416 1794 452 1824 et
481 1799 543 1824 me
572 1787 768 1836 vietusque
798 1787 1006 1836 volensque
1035 1787 1198 1824 remitto.

105 1844 333 1882 Sermonem
362 1846 525 1883 Ausonii
555 1846 720 1895 patrium
750 1857 956 1894 moresque
985 1847 1179 1891 tenebunt,

103 1911 220 1953 utque
250 1912 306 1942 est
336 1917 483 1943 nomen
514 1906 604 1952 erit;
646 1906 844 1943 commixti
874 1917 1034 1954 corpore
1065 1912 1214 1943 tantum

103 1965 303 2002 subsident
332 1965 483 2003 Teucri.
543 1965 698 2003 Morem
728 1966 896 2015 ritusque
928 1978 1125 2003 sacrorum

101 2023 276 2061 adiiciam
308 2024 525 2074 faciamque
554 2037 691 2062 omnes
722 2037 800 2062 uno
830 2038 896 2062 ore
927 2025 1095 2063 Latinos.

102 2082 208 2120 Hinc
237 2096 360 2132 genus
391 2085 567 2122 Ausonio
596 2085 758 2122 mixtum
789 2085 895 2134 quod
923 2086 1108 2134 sanguine
1138 2093 1278 2134 surget,

101 2155 216 2193 supra
245 2144 433 2190 homines,
465 2157 582 2194 supra
610 2146 663 2182 ire
695 2146 788 2183 deos
817 2146 957 2194 pietate
986 2146 1142 2190 videbis,

99 2216 171 2241 nec
201 2217 299 2253 gens
331 2205 405 2242 ulla
434 2212 521 2243 tuos
552 2218 674 2255 aeque
706 2205 913 2243 celebrabit
942 2205 1131 2243 honores.'

99 2264 234 2301 annuit
262 2264 320 2302 his
351 2265 450 2302 Iuno
482 2272 518 2302 et
546 2273 716 2303 mentem
746 2266 884 2302 laetata
914 2266 1073 2303 retorsit.

97 2322 251 2360 Interea
280 2324 430 2361 excedit
460 2325 568 2362 caelo
597 2325 818 2374 nubemque
848 2325 1034 2374 relinquit.

152 2382 226 2420 His
256 2384 350 2420 actis
380 2384 482 2420 aliud
513 2383 676 2421 Genitor
706 2397 838 2422 secum
868 2385 951 2432 ipse
981 2384 1126 2422 volutat

97 2441 372 2492 Iuturnamque
403 2450 509 2492 parat
540 2443 663 2481 fratris
693 2444 880 2481 dimittere
910 2444 958 2481 ab
987 2444 1111 2480 armiS.

1437 419 1502 450 810

1439 718 1499 757 815

1439 1016 1501 1046 820

1440 1314 1499 1354 825

1436 1614 1500 1652 830

1433 2213 1496 2251 840
