1669 2737
560 68 727 102 LIBER
763 68 824 102 VJ.
862 71 1067 114 147-,224

130 183 333 225 aspectans
362 176 493 214 silvam
522 177 760 222 immensam,
792 183 829 214 et
859 176 913 214 sic
943 175 1039 213 forte
1068 167 1368 224 precaturzssffi

131 238 139 253 ‘
157 235 196 272 Si
225 248 326 273 nunc
355 248 395 273 se
423 236 534 274 nobis
564 236 624 274 ille
655 248 789 273 aureus
818 236 952 272 arbore
982 247 1109 272 ramus

130 295 306 331 ostendat
334 307 490 332 nemore
519 296 558 332 in
586 295 716 332 tanto!
757 294 912 343 quando
942 294 1071 331 omnia
1099 306 1185 330 vere

129 352 204 389 heu
232 354 392 390 nimium
421 354 468 391 de
497 361 534 391 te
564 361 680 398 vates,
712 353 875 399 Misene,
905 353 1033 390 locuta
1062 351 1139 389 est.'

130 411 206 449 Vix
235 424 280 449 ea
309 412 407 450 fatus
437 420 528 458 erat,
558 413 735 462 geminae
765 424 852 450 cum
882 411 978 449 forte
1009 411 1210 449 columbae

129 471 213 520 ipsa
242 472 313 509 sub
342 484 408 509 ora
435 473 501 509 viri
530 472 635 510 caelo
665 483 801 509 venere
831 471 1001 508 volantes

129 537 166 567 et
193 530 301 568 viridi
330 532 462 569 sedere
491 532 584 569 solo.
643 531 746 568 Turn
778 531 968 567 maximus
997 530 1111 568 heros

129 595 318 627 maternas
347 592 522 638 agnoscit
550 602 639 628 aves
667 590 865 638 laetusque
895 595 1092 638 precatur:

129 648 246 686 ‘Este
276 649 392 687 duces
421 662 457 695 o,
487 651 517 687 si
547 662 623 699 qua
651 649 710 686 via
739 652 807 695 est,
838 661 1065 698 cursumque
1094 661 1161 698 per
1190 661 1299 686 auras

131 708 277 757 dirigite
306 709 344 745 in
373 708 492 754 lucos,
521 709 585 746 ubi
616 709 799 758 pinguem
831 708 933 745 dives
963 715 1101 756 opacat

128 779 255 805 ramus
284 767 454 805 humum.
512 768 653 817 Tuque
682 780 706 805 o
737 767 861 804 dubiis
891 779 940 804 ne
970 767 1090 804 defice
1119 769 1244 813 rebus,

131 827 215 864 diva
242 826 403 876 parens.’
462 828 524 865 Sic
554 828 690 865 effatus
720 827 877 876 vestigia
905 828 1038 876 pressit

130 887 347 932 observans,
378 899 475 936 quae
505 887 614 935 signa
642 886 775 930 ferant,
807 898 884 935 quo
915 885 1071 923 tendere
1100 893 1270 935 pergant.

130 945 335 983 Pascentes
364 945 447 983 illae
475 951 622 982 tantum
651 946 803 994 prodire
833 945 1011 990 volando,

131 1012 315 1054 quantum
343 1005 423 1043 acie
452 1011 610 1054 possent
639 1005 739 1042 oculi
769 1017 915 1042 servare
945 1012 1186 1054 sequentum.

130 1064 227 1102 Inde
256 1065 319 1102 ubi
348 1076 483 1102 venere
514 1064 562 1101 ad
592 1064 719 1101 fauces
750 1063 1000 1112 graveolentis
1028 1065 1182 1109 Averni,

130 1123 267 1161 tollunt
296 1136 335 1161 se
365 1123 506 1161 celeres
534 1123 795 1172 liquidumque
824 1134 891 1171 per
921 1127 1008 1159 ae‘ra
1036 1123 1164 1171 lapsae

131 1183 285 1220 sedibus
314 1183 455 1232 optatis
484 1183 639 1232 gemina
668 1194 782 1231 super
811 1183 945 1219 arbore
976 1182 1114 1227 sidunt,

132 1242 298 1280 discolor
325 1242 428 1280 unde
458 1243 538 1279 auri
567 1254 634 1291 per
662 1254 790 1278 ramos
819 1254 910 1278 aura
938 1239 1175 1294 refulsitff,

132 1301 256 1348 Quale
286 1301 382 1339 solet
411 1301 509 1339 silvis
537 1301 697 1337 brumali
728 1300 866 1349 frigore
896 1300 1040 1338 viscum

131 1361 265 1398 fronde
294 1361 412 1398 virere
439 1372 548 1406 nova,
579 1359 684 1409 quod
713 1372 793 1397 non
823 1372 892 1397 sua
921 1361 1081 1397 seminat
1110 1361 1234 1406 arbos,

132 1427 168 1456 et
197 1431 336 1457 croceo
364 1419 443 1456 fetu
471 1426 607 1456 teretes
637 1418 873 1456 circumdare
902 1425 1081 1456 truncos:

132 1478 215 1516 talis
243 1485 322 1516 erat
351 1479 500 1527 species
530 1479 609 1515 auri
639 1477 851 1515 frondentis
880 1489 1004 1527 opaca

132 1539 226 1582 ilice,
256 1538 310 1575 sic
338 1537 414 1575 leni
443 1538 650 1586 crepitabat
678 1537 824 1573 brattea
853 1544 978 1574 vento.

133 1597 297 1645 Corripit
325 1596 478 1634 Aeneas
508 1596 701 1645 extemplo
731 1595 939 1645 avidusque
969 1596 1137 1646 refringit

133 1663 388 1701 cunctantem,
418 1663 455 1694 et
484 1656 578 1694 vatis
608 1662 734 1705 portat
763 1656 834 1693 sub
863 1663 963 1693 tecta
992 1656 1166 1706 Sibyllae.
1179 1657 1235 1706 Ᾰ
1252 1686 1266 1706 ,

186 1715 271 1754 Nec
299 1716 427 1753 minus
455 1716 597 1753 interea
626 1715 821 1752 Misenum
849 1715 888 1752 in
916 1715 1024 1753 litore
1054 1716 1194 1754 Teucri

128 1776 288 1822 flebant,
318 1781 355 1812 et
383 1775 498 1812 cineri
526 1775 675 1824 ingrato
705 1787 884 1824 suprema
913 1775 1094 1813 ferebant.

134 1835 326 1884 Principio
356 1835 541 1884 pinguem
568 1835 690 1872 taedis
720 1841 757 1872 et
785 1835 923 1872 robore
952 1841 1058 1873 secto

134 1896 329 1945 ingentem
359 1901 527 1933 struxere
556 1907 701 1945 pyram,
733 1894 792 1932 eui
822 1894 1022 1932 frondibus
1051 1896 1140 1933 atris

135 1955 307 1992 intexunt
335 1954 450 1992 latera
478 1961 515 1993 et
542 1954 678 1992 ferales
707 1960 794 1991 ante
825 1965 1030 2002 cupressos

136 2015 381 2061 constituunt,
411 2014 668 2063 decorantque
697 2025 809 2062 super
838 2013 1068 2062 fulgentibus
1097 2014 1218 2051 armis.

136 2074 228 2112 Pars
258 2073 401 2112 calidos
428 2074 556 2111 latices
585 2080 622 2111 et
651 2077 748 2110 aena
775 2073 959 2110 undantia
988 2072 1152 2110 flammis

136 2133 342 2182 expediunt
369 2144 585 2182 corpusque
614 2132 741 2169 lavant
769 2132 940 2179 frigentis
970 2138 1006 2168 et
1035 2140 1195 2181 ungunt.

137 2193 195 2230 Fit
224 2192 400 2241 gemitus.
456 2191 562 2229 Tum
590 2192 763 2228 membra
790 2197 876 2227 toro
907 2190 1044 2227 defleta
1073 2199 1267 2240 reponunt

136 2263 424 2302 purpureasque
452 2263 565 2300 super
592 2257 728 2295 vestes,
757 2250 946 2287 velamina
975 2257 1079 2296 nota,

137 2310 356 2349 coniiciunt.
412 2309 502 2348 Pars
531 2310 676 2359 ingenti
707 2309 853 2347 subiere
883 2308 1018 2346 feretro

137 2371 257 2421 (triste
285 2369 552 2418 ministerium)
582 2376 619 2406 et
648 2369 859 2406 subiectam
888 2380 996 2405 more
1025 2376 1225 2417 parentum

138 2431 256 2469 aversi
284 2435 438 2468 tenuere
467 2428 599 2466 facem.
657 2427 854 2477 Congesta
883 2435 1097 2466 cremantur

1437 73 1510 113 191

1457 427 1516 458 ¹90

1456 723 1512 753 195

1456 1020 1516 1041 200

1455 1317 1514 1347 ²05

1460 1613 1521 1634 210

1461 1911 1518 1943 215
