1669 2737
589 94 804 130 ECLOGA
835 94 909 130 Ιχ.
945 87 1065 141 1-67.
1471 98 1518 128 21

134 209 259 240 vatem
287 211 486 252 pastores;
526 203 594 241 sed
623 215 705 240 non
735 214 810 251 ego
839 201 1016 240 credulus
1045 201 1127 239 illis.

134 260 237 298 Nam
267 274 392 311 neque
420 262 545 299 adhuc
574 261 691 299 Vario
721 262 851 299 videor
880 273 951 298 nee
986 261 1110 298 dicere
1141 259 1264 297 Cinna
1482 273 1522 303 35

135 321 264 370 digna,
294 322 361 359 sed
389 328 544 371 argutos
573 323 670 359 inter
699 328 865 370 strepere
895 333 1005 358 anser
1034 321 1170 358 olores.

134 412 137 413 γ
188 380 251 417 M.
282 380 328 418 Id
358 381 512 430 quidem
541 392 616 429 ago
646 387 683 417 et
711 381 858 425 tacitus,
889 379 1045 429 Lycida,
1075 391 1227 416 mecum
1256 379 1337 427 ipse
1367 377 1508 421 voluto,

136 439 166 477 si
194 439 339 477 valeam
368 440 588 477 meminisse
598 452 607 486 3
649 451 775 487 neque
805 446 862 476 est
889 439 1057 487 ignobile
1086 450 1251 475 carmen.

136 498 250 536 ‘Huc
280 499 382 543 ades,
413 510 437 536 o
467 498 647 544 Galatea;
686 499 770 547 quis
800 505 857 535 est
885 509 976 534 nam
1005 497 1115 534 ludus
1144 498 1183 533 in
1213 496 1349 534 undis?

136 557 213 595 Hic
242 570 306 595 ver
334 569 580 606 purpureum,
610 557 735 594 varios
763 557 825 594 hic
853 557 1011 594 flumina
1039 557 1182 594 circum
1483 570 1524 601 40

135 615 260 654 fundit
287 616 427 653 humus
455 616 578 661 flores,
609 616 671 653 hic
701 616 865 654 candida
894 615 1058 665 populus
1091 622 1200 653 antro

136 676 322 721 imminet,
351 683 389 713 et
418 675 541 712 lentae
571 681 703 712 texunt
732 675 954 712 umbracula
982 675 1097 712 vites:

135 735 210 772 huc
238 735 330 772 ades
345 748 355 781 3
394 735 520 771 insani
547 734 684 771 feriant
714 734 794 772 sine
823 734 932 771 litora
961 732 1121 772 fluctus.’

188 793 239 831 L.
271 793 386 840 Quid,
416 806 514 843 quae
543 800 579 831 te
607 806 702 842 pura
731 793 855 831 solum
885 795 955 831 sub
984 801 1097 831 nocte
1127 801 1329 832 canentem

136 853 355 890 audieram?
395 864 575 889 numeros
603 852 772 899 memini,
802 853 833 889 si
863 854 977 890 verba
1005 861 1185 890 tenerem.
1484 866 1523 898 45

138 911 326 960 ‘Daphni,
357 912 448 961 quid
477 912 655 960 antiquos
685 912 882 960 signorum
913 913 1074 961 suspicis
1104 912 1236 949 ortus?

136 970 240 1009 Ecce
268 970 433 1008 Dionaei
462 971 647 1020 processit
677 971 848 1009 Caesaris
878 979 1033 1017 astrum,

137 1038 290 1077 astrum,
321 1044 398 1081 quo
429 1038 578 1080 segetes
607 1031 818 1080 gauderent
846 1031 1015 1080 frugibus
1044 1040 1081 1069 et
1110 1044 1187 1082 quo

138 1091 291 1128 duceret
319 1091 454 1140 apricis
483 1091 521 1127 in
551 1091 711 1128 collibus
739 1103 812 1128 uva
841 1091 1020 1129 colorem.

138 1150 278 1196 Insere,
307 1151 473 1200 Daphni,
503 1151 633 1199 piros;
671 1157 828 1199 carpent
856 1158 921 1188 tua
950 1164 1068 1201 poma
1096 1151 1280 1201 nepotes.’
1485 1167 1526 1198 50

190 1208 253 1248 M.
283 1210 426 1248 Omnia
454 1210 524 1247 fert
552 1219 666 1254 aetas,
698 1211 869 1247 animum
898 1223 1077 1260 quoque;
1121 1223 1236 1260 saepe
1265 1222 1339 1259 ego
1369 1210 1507 1259 longos

138 1269 330 1307 cantando
358 1281 521 1318 puerum
550 1269 708 1306 memini
738 1281 800 1306 me
830 1270 997 1307 condere
1027 1271 1150 1307 soles:

137 1340 240 1366 nunc
269 1328 387 1365 oblita
414 1328 507 1364 mihi
536 1335 591 1365 tot
620 1329 810 1374 carmina;
851 1341 925 1366 vox
955 1342 1110 1379 quoque
1140 1328 1307 1366 Moerim

138 1390 214 1425 iam
243 1387 339 1437 fugit
367 1388 471 1437 ipsa3
511 1388 588 1436 lupi
619 1387 786 1425 Moerim
816 1389 940 1426 videre
970 1390 1126 1438 priores.

139 1447 213 1485 Sed
243 1455 371 1484 tamen
399 1449 470 1485 ista
499 1448 588 1484 satis
616 1447 751 1484 referet
779 1448 845 1484 tibi
875 1445 992 1497 saepe>
1019 1448 1225 1486 Menalcas.
1484 1464 1523 1495 55

192 1506 243 1543 L.
275 1506 481 1544 Causando
510 1514 660 1544 nostros
689 1507 727 1543 in
756 1507 917 1556 longum
946 1508 1052 1545 ducis
1082 1520 1242 1545 amores.

137 1565 187 1603 Et
215 1578 318 1603 nunc
346 1578 464 1603 omne
493 1566 558 1603 tibi
589 1573 745 1603 stratum
774 1566 856 1604 silet
884 1579 1039 1616 aequor,
1069 1574 1106 1604 et
1134 1579 1283 1612 omnes,

138 1626 276 1674 aspice,
307 1625 453 1662 ventosi
482 1625 701 1663 ceciderunt
730 1627 934 1663 murmuris
963 1640 1085 1665 aurae.

139 1686 245 1723 Hinc
274 1685 371 1723 adeo
401 1685 528 1722 media
557 1692 614 1722 est
643 1686 755 1722 nobis
784 1686 865 1732 via;
905 1699 1071 1736 namque
1101 1686 1319 1735 sepulcrum

139 1745 272 1794 incipit
300 1755 482 1793 apparere
512 1743 709 1780 Bianoris:
749 1743 822 1788 hic,
852 1745 916 1781 ubi
946 1745 1086 1783 densas
1487 1751 1529 1783 60

139 1804 328 1853 agricolae
359 1803 547 1851 stringunt
576 1802 742 1848 frondes,
777 1803 848 1848 hic,
879 1803 1014 1849 Moeri,
1045 1816 1258 1842 canamus:

139 1863 200 1900 hic
229 1862 374 1900 haedos
403 1862 567 1911 depone,
596 1869 725 1899 tamen
755 1863 950 1900 veniemus
979 1864 1018 1900 in
1046 1865 1191 1901 urbem.

139 1924 218 1960 Aut
247 1922 289 1967 si,
318 1934 396 1959 nox
426 1922 592 1970 pluviam
621 1933 671 1958 ne
700 1921 852 1970 colligat
881 1930 980 1967 ante,
1010 1935 1193 1968 veremur,

141 1988 338 2019 cantantes
366 1981 452 2017 licet
481 1992 602 2028 usque
631 1979 774 2030 (minus
802 1982 862 2017 via
889 1979 1019 2030 laedit)
1048 1994 1202 2027 eamus;

142 2046 339 2078 cantantes
367 2046 409 2076 ut
437 2050 580 2083 eamus,
611 2050 686 2087 ego
715 2039 790 2077 hoc
819 2046 854 2076 te
882 2040 985 2077 fasce
1013 2041 1161 2078 levabo.
1488 2049 1526 2087 65

195 2097 256 2135 M.
286 2097 430 2135 Desine
459 2098 579 2146 plura,
607 2110 712 2146 puer,
743 2105 779 2135 et
808 2099 913 2147 quod
942 2111 1044 2136 nunc
1074 2100 1187 2136 instat
1215 2111 1398 2148 agamus:

143 2158 312 2195 carmina
339 2163 420 2193 turn
449 2156 594 2202 melius,
624 2168 713 2194 cum
741 2158 883 2195 venerit
912 2157 1007 2206 ipse,
1033 2169 1226 2195 canemus.
