1669 2737
559 71 726 106 LIBER
754 72 827 107 XI.
861 74 915 120 57
919 67 1004 121 5-6
1005 76 1073 121 52.

131 178 222 216 dant
250 178 376 217 sonitu
404 178 548 227 ingenti
576 178 838 229 perfractaque
867 180 1228 229 quadrupedantum

129 244 285 286 pectora
312 238 529 287 pectoribus
557 244 760 287 rumpunt:
799 251 982 276 excussus
1012 241 1211 277 Aconteus

128 295 295 333 fulminis
322 296 362 333 in
390 308 539 333 morem
568 303 631 333 aut
659 303 851 334 tormento
879 297 1060 346 ponderis
1090 299 1163 335 acti

129 355 352 404 praecipitat
379 355 495 404 longe
523 361 560 392 et
587 356 701 392 vitam
731 355 913 405 dispergit
941 357 980 393 in
1009 368 1131 394 auras.

129 413 335 466 Extemplo
364 414 533 452 turbatae
561 414 673 459 acies,
703 415 876 464 versique
908 414 1034 452 Latini

127 473 300 510 reiiciunt
328 484 480 523 parmas
509 479 545 510 et
573 485 694 522 equos
724 474 772 511 ad
802 475 956 511 moenia
985 481 1146 513 vertunt.

129 532 254 571 Troes
283 539 412 583 agunt,
442 533 619 583 princeps
647 540 791 571 turmas
820 534 967 571 inducit
996 535 1133 572 Asilas.

127 592 287 642 Iamque
315 592 623 642 propinquabant
652 592 780 640 portis,
812 605 1018 642 rursusque
1048 593 1174 630 Latini

128 651 336 690 clamorem
363 650 498 689 tollunt
526 657 562 688 et
590 651 718 687 mollia
747 651 844 689 colla
872 652 1092 689 reflectunt:

127 711 166 748 hi
195 712 343 761 fugiunt
371 711 598 761 penitusque
628 709 724 747 datis
753 710 968 748 referuntur
997 711 1167 748 habenis.

129 770 261 817 Qualis
289 770 354 807 ubi
382 769 526 807 alterno
556 781 783 818 procurrens
812 770 961 818 gurgite
991 777 1132 818 pontus

128 842 231 867 nune
259 829 331 866 ruit
359 828 409 866 ad
436 834 576 866 terram
604 828 862 878 scopulosque
892 830 1092 878 superiacit
1123 828 1225 865 unda

127 900 310 937 spumeus
339 895 623 937 extremamque
654 888 738 924 sinu
767 887 958 936 perfundit
988 887 1180 932 harenam,

126 959 230 984 nunc
258 946 413 996 rapidus
442 952 542 983 retro
572 953 684 994 atque
714 953 820 983 aestu
849 945 1018 983 revoluta
1047 947 1250 983 resorbens

127 1017 220 1042 saxa
247 1005 343 1053 fugit
369 1003 532 1053 litusque
561 1004 659 1040 vado
690 1003 840 1040 labente
870 1004 1069 1052 relinquit:

126 1065 185 1102 bis
216 1063 337 1101 Tusci
367 1062 530 1100 Rutulos
559 1075 670 1110 egere
700 1062 748 1099 ad
776 1063 930 1100 moenia
960 1075 1102 1109 versos,

126 1123 184 1160 bis
213 1121 339 1159 reiecti
368 1121 481 1158 armis
509 1126 725 1169 respectant
754 1127 859 1169 terga
888 1128 1068 1170 tegentes.

127 1181 257 1218 Tertia
285 1180 354 1218 sed
382 1187 588 1230 postquam
617 1180 814 1228 congressi
843 1180 881 1216 in
912 1180 1054 1228 proelia
1083 1186 1181 1216 totas

127 1240 346 1290 implicuere
374 1239 470 1277 inter
499 1251 539 1276 se
568 1238 668 1276 acies
696 1239 862 1288 legitque
891 1240 1011 1275 virum
1040 1239 1116 1275 vir:

127 1307 208 1336 tum
236 1310 325 1336 vero
353 1304 390 1335 et
416 1298 581 1347 gemitus
609 1299 840 1336 morientum
869 1304 905 1335 et
934 1298 1121 1346 sanguine
1151 1298 1189 1333 in
1220 1297 1296 1334 alto

127 1368 308 1406 armaque
336 1368 573 1405 corporaque
603 1363 640 1393 et
668 1356 842 1405 permixti
872 1356 989 1394 caede
1018 1356 1183 1391 virorum

127 1416 371 1455 semianimes
398 1414 598 1452 volvuntur
627 1415 723 1463 equi,
755 1427 886 1464 pugna
918 1426 1053 1463 aspera
1083 1415 1209 1462 surgit.

128 1475 351 1514 Orsilochus
381 1474 545 1521 Remuli,
575 1475 731 1524 quando
761 1475 887 1523 ipsum
916 1474 1092 1511 horrebat
1120 1473 1235 1517 adire,

127 1537 275 1574 hastam
302 1536 449 1573 intorsit
477 1547 577 1584 equo
606 1534 823 1584 ferrumque
855 1535 925 1572 sub
954 1546 1042 1571 aure
1072 1533 1232 1582 reliquit.

129 1595 219 1641 Quo
249 1595 404 1643 sonipes
431 1594 508 1631 ictu
537 1594 623 1630 furit
651 1594 790 1631 arduus
820 1594 969 1642 altaque
1000 1593 1114 1630 iactat

127 1654 290 1692 vulneris
318 1653 520 1702 impatiens
549 1660 695 1690 arrecto
725 1659 880 1702 pectore
909 1665 1040 1690 crura:

127 1715 285 1753 volvitur
313 1713 374 1750 ille
403 1724 588 1750 excussus
617 1712 733 1749 humi.
790 1711 949 1750 Catillus
979 1712 1101 1750 Iollan

127 1775 400 1824 ingentemque
428 1772 575 1817 animis,
605 1772 801 1820 ingentem
831 1784 992 1821 corpore
1022 1778 1058 1809 et
1088 1771 1201 1808 armis

129 1834 255 1873 deiicit
284 1832 540 1876 Herminium,
570 1831 676 1868 nudo
706 1832 765 1868 cui
795 1832 931 1868 vertice
961 1831 1061 1868 fulva

130 1894 314 1933 caesaries
341 1892 509 1942 nudique
537 1892 669 1936 umeri,
699 1904 772 1929 nec
801 1892 956 1929 vulnera
985 1898 1148 1929 terrent:

129 1961 256 1993 tantus
282 1954 322 1990 in
351 1964 455 1990 arma
483 1958 599 2001 patet.
657 1951 775 1988 Latos
804 1951 890 1988 huic
919 1951 1026 1988 hasta
1055 1963 1123 1999 per
1151 1962 1277 1989 armos

129 2019 214 2052 acta
240 2012 364 2049 tremit
392 2011 634 2061 duplicatque
663 2011 785 2047 virum
813 2010 994 2047 transfixa
1023 2010 1166 2047 dolore.

129 2071 315 2110 Funditur
343 2077 421 2108 ater
449 2070 588 2120 ubique
618 2081 753 2116 cruor;
794 2069 886 2107 dant
915 2069 1047 2106 funera
1075 2068 1173 2106 ferro

131 2138 317 2172 certantes
346 2130 619 2181 pulchramque
649 2135 783 2179 petunt
811 2142 879 2178 per
907 2129 1062 2166 vulnera
1090 2136 1265 2169 mortem.

184 2193 236 2231 At
263 2191 409 2229 medias
437 2191 534 2228 inter
562 2189 700 2228 caedes
729 2189 890 2226 exsultat
918 2189 1105 2235 Amazon,

130 2263 251 2291 unum
280 2257 427 2289 exserta
453 2250 551 2287 latus
580 2261 746 2299 pugnae,
776 2248 989 2297 pharetrata
1017 2247 1188 2295 Camilla,

131 2320 170 2350 et
197 2306 428 2349 nunfffienta
454 2322 571 2348 manu
599 2320 784 2358 spargens
813 2307 961 2345 hastilia
989 2307 1136 2353 denset,

132 2383 233 2409 nunc
261 2370 422 2408 validam
452 2370 582 2407 dextra
610 2368 706 2416 rapit
735 2366 926 2404 indefessa
954 2367 1184 2417 bipennem;

131 2441 266 2469 aureus
295 2442 342 2467 ex
370 2439 503 2465 umero
533 2433 644 2465 sonat
672 2437 781 2464 arcus
810 2433 847 2464 et
875 2438 979 2465 arma
1007 2426 1165 2465 Dianae.

1447 538 1510 568 620

1444 1715 1507 1753 640
