1669 2737
571 77 740 111 LIBER
775 76 882 112 νηί.
919 71 1038 123 1—67.

118 183 282 229 Aeneas,
311 184 402 222 tristi
430 185 600 222 turbatus
628 190 784 233 pectora
812 183 925 229 bello,

117 245 317 292 procubuit
346 256 546 293 seramque
574 244 677 281 dedit
706 255 773 293 per
800 243 974 280 membra
1002 242 1182 291 quietem.

118 303 221 340 Huic
250 304 343 341 deus
371 304 452 352 ipse
480 304 555 341 loci
583 303 697 340 fluvio
727 302 932 340 Tiberinus
962 312 1130 339 amoeno

117 363 302 412 populeas
330 364 426 401 inter
454 364 580 401 senior
608 375 649 400 se
678 362 847 400 attollere
876 361 1030 399 frondes

118 422 218 459 visus
245 423 351 473 (eum
380 423 503 460 tenuis
531 423 667 472 glauco
696 421 842 459 velabat
871 422 1013 458 amictu

118 482 308 528 carbasus,
337 489 374 520 et
403 483 524 520 crines
552 482 733 519 umbrosa
761 481 913 530 tegebat
941 479 1147 531 harundo),

118 546 200 577 tum
228 541 281 579 sic
311 541 418 578 affari
447 550 483 578 et
512 553 620 579 curas
649 540 706 577 his
735 540 889 577 demere
919 539 1052 577 dictis:

173 600 231 639 ‘O
260 608 339 639 sate
368 609 481 650 gente
510 602 636 646 deum,
668 600 879 638 Troianam
908 612 955 637 ex
985 599 1160 638 hostibus
1189 600 1321 637 urbem

118 660 182 709 qui
209 661 354 698 revehis
384 661 495 698 nobis
524 667 753 708 aeternaque
783 659 971 707 Pergama
1000 671 1136 706 servas,

117 726 335 768 exspectate
363 720 446 758 solo
475 719 654 756 Laurenti
684 718 859 767 arvisque
888 718 1046 762 Latinis,

117 777 177 816 hic
205 779 271 815 tibi
301 786 402 817 certa
431 779 579 823 domus,
610 778 700 815 certi
730 775 794 824 (ne
824 777 979 826 absiste)
1010 784 1193 826 penates;

117 849 192 874 neu
220 838 306 875 belli
336 845 472 875 terrere
502 837 636 874 minis:
676 844 802 873 tumor
832 837 957 874 omnis
986 843 1024 873 et
1053 837 1129 874 irae

117 908 341 934 concessere
371 897 495 935 deum.

115 955 275 1004 Iamque
304 956 381 1002 tibi,
410 968 458 993 ne
486 968 585 994 vana
613 963 724 1006 putes
753 955 846 993 haec
876 955 1019 1004 fingere
1051 966 1243 1001 somnum,

115 1013 256 1052 litoreis
285 1015 420 1063 ingens
448 1016 599 1053 inventa
629 1017 698 1053 sub
728 1015 874 1052 ilicibus
904 1026 981 1060 sus,

116 1073 270 1122 triginta
298 1075 466 1123 capitum
494 1074 590 1112 fetus
620 1075 742 1119 enixa,
773 1074 910 1111 iacebit

116 1132 202 1170 alba
231 1133 313 1170 solo
341 1135 542 1178 recubans,
573 1134 647 1171 albi
676 1134 818 1171 circum
847 1133 964 1170 ubera
992 1133 1092 1170 nati:

117 1188 195 1243 [hic
223 1192 330 1229 locus
360 1193 464 1230 urbis
492 1193 571 1237 erit,
600 1193 748 1242 requies
777 1204 821 1229 ea
850 1199 952 1229 certa
980 1186 1184 1243 laborum,]

115 1263 161 1288 ex
189 1263 267 1300 quo
296 1258 351 1289 ter
381 1252 490 1289 denis
518 1252 651 1289 urbem
680 1251 925 1288 redeuntibus
954 1251 1065 1287 annis

115 1310 304 1348 Ascanius
332 1311 421 1348 clari
450 1310 590 1348 condet
619 1310 863 1359 cognominis
893 1310 1047 1346 Albam.

116 1369 234 1407 Haud
263 1371 406 1408 incerta
434 1382 543 1408 cano.
601 1369 715 1407 Nunc
745 1382 821 1419 qua
849 1371 994 1406 ratione
1023 1369 1128 1417 quod
1158 1368 1271 1407 instat

115 1429 296 1478 expedias
324 1430 453 1475 victor,
483 1430 615 1480 paucis
645 1428 829 1480 (adverte)
861 1428 1021 1466 docebo.

115 1489 286 1527 Arcades
314 1489 372 1527 his
401 1490 488 1535 oris,
519 1501 642 1538 genus
671 1501 694 1526 a
722 1488 890 1526 Pallante
918 1487 1146 1536 profectum,

115 1551 179 1598 qui
207 1562 338 1599 regem
366 1549 587 1587 Evandrum
616 1550 786 1594 comites,
817 1549 883 1598 qui
914 1548 1026 1596 signa
1054 1547 1184 1593 secuti,

115 1605 289 1657 delegere
318 1608 446 1646 locum
474 1615 511 1645 et
539 1620 703 1658 posuere
733 1608 772 1644 in
802 1607 999 1644 montibus
1030 1606 1166 1643 urbem

115 1668 295 1706 Pallantis
323 1668 454 1717 proavi
484 1668 532 1705 de
560 1668 719 1705 nomine
748 1666 1000 1704 Pallanteum.

115 1726 169 1764 Hi
198 1727 338 1764 bellum
367 1727 517 1765 assidue
546 1727 690 1764 ducunt
719 1738 807 1764 cum
836 1732 951 1774 gente
982 1724 1120 1762 Latina
1133 1737 1146 1772 3

115 1786 187 1824 hos
215 1786 345 1823 castris
373 1786 511 1824 adhibe
541 1787 667 1824 socios
696 1793 733 1823 et
761 1785 916 1822 foedera
945 1785 1074 1832 iunge.

115 1844 205 1895 Ipse
232 1857 306 1894 ego
334 1852 371 1883 te
398 1845 489 1894 ripis
517 1852 554 1883 et
583 1851 687 1882 recto
716 1844 873 1881 flumine
903 1843 1051 1888 ducam,

116 1905 315 1942 adversum
342 1905 456 1942 remis
485 1916 642 1953 superes
671 1904 872 1941 subvectus
900 1910 941 1940 ut
970 1914 1137 1939 amnem.

118 1964 238 2013 Surge
266 1976 350 2013 age,
378 1971 467 2001 nate
497 1964 579 2008 dea,
608 1964 817 2013 primisque
848 1962 1074 2000 cadentibus
1105 1962 1214 2000 astris

116 2024 257 2061 Iunoni
285 2024 341 2061 fer
368 2025 436 2061 rite
464 2035 607 2073 preces,
638 2023 811 2071 iramque
840 2022 1044 2070 minasque

117 2082 351 2132 supplicibus
379 2094 516 2132 supera
543 2083 651 2120 votis.
709 2080 809 2118 Mihi
839 2081 959 2117 victor
987 2079 1175 2117 honorem

117 2142 317 2192 persolves.
372 2141 460 2191 Ego
489 2153 585 2188 sum,
615 2141 730 2190 pleno
759 2151 875 2189 quem
903 2139 1060 2176 flumine
1089 2140 1214 2178 cernis

118 2203 365 2251 stringentem
393 2202 495 2250 ripas
523 2207 560 2238 et
588 2200 745 2249 pinguia
775 2199 875 2236 culta
905 2205 1112 2244 secantem,

118 2261 312 2300 caeruleus
341 2260 518 2310 Thybris,
549 2260 656 2298 caelo
684 2259 922 2308 gratissimus
953 2259 1087 2296 amnis.

119 2321 196 2358 Hic
223 2320 315 2357 mihi
344 2332 486 2369 magna
515 2319 664 2364 domus,
695 2318 808 2356 celsis
836 2323 952 2366 caput
981 2317 1148 2363 urbibus,
1181 2317 1283 2356 exit?

171 2379 287 2425 Dixit,
319 2378 456 2415 deinde
484 2377 570 2416 lacu
598 2377 733 2415 fluvius
764 2388 804 2414 se
834 2376 1004 2414 condidit
1033 2376 1110 2414 alto

118 2440 195 2478 ima
223 2446 378 2490 petens;
419 2450 498 2476 nox
527 2438 690 2476 Aenean
721 2448 957 2486 somnusque
987 2436 1146 2486 reliquit.

1455 257 1497 287 30

1454 555 1494 586 35

1454 852 1495 884 40

1454 1147 1494 1179 45

1455 1445 1496 1477 50

1459 1742 1497 1774 55

1460 2028 1503 2060 60
