1669 2737
513 112 727 147 ECLOGA
760 111 794 148 J.
828 105 1025 148 26—JJ.
1060 116 1124 159 15.

178 220 240 260 M
269 221 321 259 At
348 233 422 260 nos
450 220 538 258 hinc
567 220 629 258 alii
658 220 824 258 sitientes
855 219 994 257 ibimus
1024 220 1153 265 Afros,

124 293 211 330 pars
240 280 434 330 Scythiam
463 286 501 318 et
528 279 704 330 rapidum
734 279 868 317 Cretae
898 281 1096 318 veniemus
1127 279 1264 318 Oaxen

125 346 163 376 et
191 340 342 389 penitus
370 346 453 377 toto
482 339 624 377 divisos
652 339 746 376 orbe
775 339 992 377 Britannos.

124 397 186 435 En
214 411 399 448 umquam
427 399 569 448 patrios
597 398 717 446 longo
745 405 833 447 post
861 405 1036 447 tempore
1066 399 1173 444 fines,

124 458 302 507 pauperis
331 464 368 495 et
395 458 521 507 tuguri
550 464 781 506 congestum
811 457 977 506 caespite
1006 457 1160 495 culmen

123 524 212 565 post
240 517 383 566 aliquot
411 529 498 554 mea
525 528 644 565 regna
672 516 805 553 videns
833 516 1000 553 mirabor
1029 517 1189 553 aristas?

123 575 272 624 Impius
300 575 395 613 haec
424 583 504 613 tam
533 576 634 613 culta
662 575 813 612 novalia
841 575 950 612 miles
980 575 1149 620 habebit,

123 633 306 671 barbarus
335 634 404 672 has
433 641 607 684 segetes:
647 646 697 671 en
726 646 804 684 quo
834 634 1025 671 discordia
1054 635 1155 672 cives

123 692 304 742 produxit
334 694 506 740 miseros,
537 694 596 731 his
624 705 696 731 nos
726 693 968 731 consevimus
998 695 1133 742 agros!

124 751 256 790 Insere
284 764 399 798 nunc,
429 753 636 798 Meliboee,
665 751 791 802 pir‘os:
831 765 935 802 pone
965 753 1098 790 ordine
1128 753 1232 790 vites.

123 810 181 849 Ite
205 824 314 849 meae
343 811 433 850 felix
462 813 662 862 quondam
690 825 808 862 pecus
838 813 887 850 ite
917 812 1096 862 capellae.

124 870 218 908 Non
246 883 320 920 ego
349 884 418 909 vos
447 872 607 921 posthac
637 872 744 909 viridi
773 872 966 921 proiectus
996 872 1035 908 in
1065 879 1174 908 antro

124 929 288 967 dumosa
315 931 483 980 pendere
511 931 645 981 procul
675 931 722 969 de
750 944 844 981 rupe
873 931 1034 977 videbo;

125 989 296 1026 carmina
324 990 427 1027 nulla
456 1002 592 1028 canam
606 1004 617 1037 3
657 1002 737 1027 non
766 1003 830 1028 me
858 997 1051 1039 pascente,
1083 990 1263 1040 capellae,

125 1047 327 1085 florentem
356 1049 517 1098 cytisum
546 1057 582 1087 et
611 1050 745 1087 salices
775 1050 936 1099 carpetis
966 1062 1125 1087 amaras.

1482 828 1518 861 75

184 1107 227 1145 T.
257 1107 334 1145 Hic
362 1114 491 1145 tamen
519 1108 620 1146 hanc
649 1121 802 1146 mecum
830 1116 982 1158 poteras
1010 1110 1247 1158 requiescere
1278 1117 1433 1148 noctem
1477 1119 1518 1149 80

126 1166 262 1204 fronde
291 1179 404 1216 super
432 1167 556 1205 viridi:
601 1175 688 1205 sunt
716 1168 830 1205 nobis
858 1169 964 1205 mitia
992 1180 1120 1217 poma,

126 1235 326 1266 castaneae
354 1227 489 1265 molles
518 1235 555 1265 et
583 1229 705 1277 pressi
735 1229 846 1277 copia
875 1229 992 1268 lactis.

125 1286 177 1324 Et
204 1288 280 1324 iarn
309 1299 460 1324 summa
488 1287 622 1336 procul
651 1287 822 1324 villarum
851 1287 1018 1325 culmina
1047 1287 1205 1335 fumant,

126 1346 367 1396 maioresque
395 1346 537 1384 cadunt
566 1347 649 1384 altis
678 1347 729 1389 de,
753 1348 950 1386 montibus
977 1349 1143 1385 umbrae.

608 1540 901 1584 ECLOGA
949 1542 1008 1584 II.

126 1650 346 1689 Fomuosuivr
374 1656 505 1699 pastor
533 1649 718 1698 Corydon
747 1649 904 1687 ardebat
932 1649 1096 1695 Alexim,

128 1710 283 1748 delicias
313 1709 483 1755 domini;
521 1721 594 1747 nec
624 1709 716 1758 quid
740 1715 908 1758 speraret
936 1709 1113 1747 habebat.

128 1769 301 1807 Tantum
330 1769 427 1806 inter
456 1769 596 1807 densas
625 1769 808 1806 umbrosa
837 1769 1038 1806 cacumina
1068 1769 1179 1818 fagos

128 1830 281 1868 assidue
309 1830 496 1867 veniebat.
552 1829 611 1866 lbi
640 1829 734 1867 haec
763 1829 960 1866 incondita
988 1829 1091 1867 solus

127 1890 323 1928 montibus
351 1896 388 1926 et
415 1889 516 1927 silvis
545 1888 671 1926 studio
701 1889 864 1925 iactabat
892 1889 1018 1927 inani:

183 1948 242 1986 ‘O
272 1947 434 1986 crudelis
461 1948 587 1995 Alexi,
615 1947 707 1984 nihil
735 1960 822 1985 mea
851 1949 1020 1985 carmina
1049 1950 1184 1986 curas?

129 2007 182 2045 nil
210 2007 330 2045 nostri
357 2007 563 2045 miserere?
620 2006 723 2044 Mori
751 2019 813 2044 me
844 2007 1010 2056 denique
1041 2019 1169 2056 coges.

129 2067 246 2105 Nunc
273 2067 388 2105 etiam
416 2067 585 2116 pecudes
614 2068 770 2104 umbras
799 2073 835 2104 et
865 2067 1004 2116 frigora
1032 2074 1209 2116 captant3

129 2139 233 2165 nunc
261 2126 397 2163 virides
427 2125 540 2163 etiam
568 2126 761 2163 occultant
791 2126 940 2174 spineta
968 2126 1142 2173 lacertos,

131 2186 322 2236 Thestylis
351 2192 388 2224 et
416 2186 551 2235 rapido
579 2185 689 2223 fessis
718 2186 950 2223 messoribus
980 2193 1086 2223 aestu

131 2246 205 2284 alia
232 2245 513 2295 serpyllumque
541 2245 678 2282 herbas
708 2245 907 2283 contundit
937 2245 1098 2282 olentes.

131 2306 184 2343 At
211 2318 364 2344 mecum
392 2306 527 2350 raucis,
557 2313 621 2342 tua
650 2305 742 2342 dum
771 2305 928 2353 vestigia
958 2305 1089 2350 lustro,

133 2366 212 2403 sole
242 2366 315 2403 sub
343 2365 489 2402 ardenti
518 2371 699 2402 resonant
727 2365 881 2401 arbusta
910 2364 1062 2401 cicadis.

133 2424 277 2462 Nonne
305 2424 373 2461 fuit
402 2425 527 2469 satius,
556 2425 679 2461 tristes
708 2423 951 2472 Amaryllidis
980 2424 1051 2460 iras

133 2491 248 2534 atque
277 2485 440 2534 superba
468 2485 546 2534 pati
574 2483 751 2521 fastidia?
789 2495 921 2520 nonne
950 2483 1169 2529 Menalcan,

791 2556 865 2589 Ba

1485 2201 1524 2225 10
