1669 2737
141 72 224 115 314
712 68 936 104 AENEJS.

142 174 209 211 llla
237 175 350 212 etiam
379 174 418 212 in
447 181 606 224 tergum,
637 176 667 214 si
697 177 853 226 quando
881 176 990 226 pulsa
1018 178 1183 224 recessit,

141 234 285 282 spicula
314 247 499 273 converso
529 236 712 285 fugientia
741 238 865 285 dirigit
895 249 993 274 arcu.
1283 260 1297 301 Q

139 293 191 329 At
221 293 362 331 circum
391 294 510 332 lectae
539 296 711 340 comites,
743 296 958 346 Larinaque
987 297 1095 346 virgo

141 352 331 402 Tullaque
359 360 397 390 et
426 361 592 392 aeratam
621 355 797 404 quatiens
828 355 993 403 Tarpeia
1023 356 1197 401 securim,

140 411 305 456 Italides,
336 423 429 461 quas
458 413 541 461 ipsa
571 413 688 450 decus
718 414 789 451 sibi
820 414 881 451 dia
911 413 1074 451 Camilla

139 470 278 519 delegit
306 471 489 520 pacisque
519 472 642 509 bonas
671 473 835 522 bellique
864 473 1077 512 ministras:

138 529 269 578 quales
297 529 498 567 Threiciae
528 543 616 567 cum
645 531 804 568 flumina
834 532 1137 570 Thermodontis

138 589 290 637 pulsant
319 595 356 625 et
386 590 495 638 pictis
525 591 713 628 bellantur
741 592 961 629 Amazones
990 592 1103 628 armis

138 660 204 685 seu
234 649 376 685 circum
406 648 655 698 Hippolyten,
687 663 753 688 seu
783 663 870 688 cum
901 664 940 689 se
971 651 1109 688 Martia
1137 663 1247 688 curru

138 707 376 745 Penthesilea
405 708 526 753 refert,
558 721 778 759 magnoque
808 710 974 748 ululante
1003 710 1166 748 tumultu

137 766 300 804 feminea
328 767 519 804 exsultant
546 767 683 805 lunatis
712 770 866 817 agmina
895 770 1015 818 peltis.

137 825 265 871 Quem
293 826 368 863 telo
398 826 574 874 primum,
606 839 721 876 quem
751 834 998 876 postremum,
1029 839 1164 877 aspera
1191 827 1309 876 virgo,

136 885 290 922 deiicis?
330 891 393 922 aut
422 892 516 933 quot
544 885 648 922 humi
678 887 878 924 morientia
908 899 1068 936 corpora
1097 887 1249 924 fundis?

134 945 312 982 Euneum
343 944 467 994 Clytio
497 945 661 994 primum
691 953 809 994 patre,
840 947 947 983 cuius
977 953 1151 995 apertum

135 1005 280 1043 adversi
309 1005 426 1053 longa
455 1007 732 1043 transverberat
761 1007 885 1043 abiete
914 1013 1070 1055 pectus:

135 1065 330 1113 sanguinis
360 1065 419 1102 ille
448 1077 610 1103 vomens
639 1066 739 1103 rivos
769 1066 869 1102 cadit
899 1072 1013 1114 atque
1043 1072 1239 1103 cruentam

134 1124 281 1160 mandit
309 1124 469 1161 humum
498 1125 744 1174 moriensque
774 1136 844 1162 suo
874 1136 914 1161 se
943 1124 982 1160 in
1011 1125 1164 1161 vulnere
1194 1130 1327 1161 versat.

134 1182 238 1219 Tum
268 1182 384 1220 Lirim
414 1184 683 1233 Pagasumque
712 1196 845 1232 super;
887 1195 1050 1232 quorum
1080 1183 1171 1220 alter
1201 1183 1369 1221 habenas

135 1242 280 1280 suffuso
309 1243 499 1280 revolutus
530 1256 630 1293 equo
661 1244 753 1281 dum
783 1243 936 1291 colligit,
968 1243 1061 1279 alter

133 1301 225 1338 dum
255 1302 355 1339 subit
384 1314 429 1339 ac
459 1303 631 1340 dextram
660 1302 801 1340 labenti
831 1302 951 1338 tendit
980 1302 1179 1347 inermem,

131 1361 360 1409 praecipites
390 1361 603 1411 pariterque
633 1368 757 1399 ruunt.
815 1361 889 1398 His
919 1360 1022 1398 addit
1052 1361 1275 1398 Amastrum

132 1421 395 1470 Hippotaden,
427 1423 667 1471 sequiturque
696 1422 922 1460 incumbens
951 1422 1100 1458 eminus
1130 1422 1238 1458 hasta

132 1481 333 1531 Tereaque
364 1482 704 1532 Harpalycumque
734 1489 770 1519 et
800 1481 1102 1531 Demophoonta
1133 1482 1417 1532 Chrominque3

132 1548 301 1589 quotque
332 1541 471 1578 emissa
500 1554 616 1578 manu
646 1542 830 1578 contorsit
860 1541 1005 1590 spicula
1034 1541 1152 1589 virgo,

131 1606 187 1636 tot
216 1600 368 1648 Phrygii
398 1600 568 1637 cecidere
599 1600 675 1636 viri.
735 1599 871 1637 Procul
902 1600 1072 1650 Ornytus
1101 1599 1214 1636 armis

131 1659 271 1708 ignotis
300 1665 337 1695 et
366 1671 466 1707 equo
497 1665 653 1696 venator
683 1659 827 1707 Iapyge
859 1658 983 1704 fertur,

132 1719 192 1755 cui
221 1717 328 1766 pellis
358 1717 454 1754 latos
485 1729 638 1754 umeros
668 1725 797 1766 erepta
826 1718 988 1754 iuvenco

131 1777 335 1827 pugnatori
365 1778 496 1826 operit,
529 1784 641 1827 caput
670 1779 807 1826 ingens
837 1778 912 1814 oris
941 1778 1065 1815 hiatus

131 1845 168 1874 et
196 1837 319 1874 malae
347 1843 474 1874 texere
503 1838 581 1886 lupi
611 1850 699 1874 cum
730 1837 905 1873 dentibus
935 1836 1042 1881 albis,

131 1898 366 1946 agrestisque
395 1909 532 1934 manus
564 1903 684 1933 armat
713 1908 846 1945 sparus
863 1909 873 1942 3
917 1896 997 1944 ipse
1027 1896 1185 1933 catervis

131 1957 283 1994 vertitur
313 1958 350 1993 in
379 1957 515 1994 mediis
545 1962 581 1993 et
610 1962 691 1993 toto
720 1956 858 1992 vertice
888 1967 1001 2003 supra
1030 1962 1097 1992 est.

133 2016 249 2053 Hunc
279 2016 340 2052 illa
369 2022 574 2064 exceptum
605 2014 746 2065 (neque
775 2014 877 2051 enirn
906 2014 1015 2051 labor
1042 2014 1197 2062 agmine
1227 2013 1351 2065 verso)

132 2075 263 2112 traiicit
293 2082 328 2112 et
357 2087 471 2123 super
500 2074 595 2111 haec
625 2075 780 2110 inimico
812 2078 969 2122 pectore
999 2071 1118 2110 fatur:

133 2135 264 2171 ‘Silvis
293 2140 341 2179 te,
372 2133 580 2183 Tyrrhene,
612 2133 708 2170 feras
739 2133 880 2181 agitare
910 2132 1076 2180 putasti?

131 2194 297 2231 Advenit
326 2193 390 2241 qui
419 2199 541 2230 vestra
572 2192 651 2229 dies
681 2192 926 2228 muliebribus
956 2191 1070 2229 armis

131 2255 244 2291 verba
273 2253 515 2301 redarguerit.
576 2252 732 2289 Nomen
762 2257 890 2288 tamen
918 2251 1021 2288 haud
1050 2251 1131 2288 leve
1159 2258 1311 2302 patrum

131 2313 309 2350 manibus
339 2311 414 2348 hoc
444 2312 593 2356 referes,
623 2311 699 2347 telo
731 2310 913 2347 cecidisse
943 2310 1148 2348 Camillae?

132 2371 309 2408 Protinus
340 2369 582 2406 Orsilochum
612 2375 648 2406 et
678 2369 811 2414 Buten,
842 2369 919 2406 duo
949 2369 1115 2407 maxima
1145 2370 1339 2408 Teucrum

134 2442 304 2480 corpora,
336 2429 404 2467 sed
433 2429 557 2466 Buten
586 2441 760 2467 aversum
789 2428 947 2479 cuspide
976 2428 1054 2467 fixit

1456 598 1518 630 660

1453 892 1514 933 665

1451 1189 1515 1230 670

1451 1489 1511 1530 675

1450 1784 1514 1816 680

1449 2080 1511 2121 685

1449 2376 1511 2418 690
