1669 2737
97 74 182 117 344
675 65 902 102 AENEIS.

96 183 194 214 terra
222 175 316 212 mihi
346 173 561 224 Manesque
591 174 703 212 deam
733 175 905 213 demittat
933 175 982 213 ad
1012 174 1159 214 imos?'

98 236 271 273 Tantum
300 234 415 272 effata
444 242 560 284 caput
589 235 729 283 glauco
759 236 930 273 contexit
958 235 1100 273 amictu

97 296 216 333 multa
244 307 405 344 gemens
435 302 471 332 et
501 307 542 332 se
571 295 685 333 fluvio
717 295 789 332 dea
818 295 990 333 condidit
1019 296 1106 333 alto,

153 356 306 393 Aeneas
336 356 451 392 instat
481 361 615 392 contra
644 355 839 405 telumque
869 363 1045 393 coruscat

98 415 236 464 ingens
265 415 467 452 arboreum
498 421 534 451 et
563 426 677 452 saevo
707 415 761 452 sic
791 421 946 464 pectore
977 415 1099 452 fatur:

1427 241 1488 281 885

101 479 109 493 ‘
125 474 237 521 Quae
258 487 361 512 nunc
383 474 522 511 deinde
543 486 651 511 mora
672 476 753 513 est?
783 482 847 513 aut
867 476 959 524 quid
979 476 1067 522 iam,
1089 474 1234 520 Turne,
1259 475 1464 513 retractas?

100 533 192 571 Non
222 546 345 579 cursu,
377 534 500 570 saevis
530 534 755 571 certandum
785 543 841 572 est
871 536 1089 573 comminus
1119 534 1244 571 armis.

99 593 215 631 Verte
246 605 380 631 omnes
410 600 485 630 tete
516 593 555 630 in
585 593 700 630 facies
730 601 766 631 et
797 595 981 632 contrahe
1012 594 1200 645 quidquid

100 654 177 691 sive
208 653 345 690 animis
375 653 453 690 sive
483 659 561 689 arte
591 653 715 690 vales:
756 661 849 703 opta
878 654 996 692 ardua
1026 655 1163 703 pennis

100 720 201 750 astra
229 713 337 761 sequi
367 712 616 762 clausumque
646 725 740 750 cava
769 720 805 750 te
835 714 1001 751 condere
1031 721 1140 751 terra.

100 772 169 810 Ille
199 779 314 822 caput
343 783 532 821 quassans
563 771 679 809 ‘Non
708 784 771 809 me
801 779 865 809 tua
896 772 1038 810 fervida
1069 779 1205 810 terrent

100 831 212 877 dicta,
243 831 375 868 ferox:
416 831 454 867 di
484 843 547 868 me
577 838 716 868 terrent
747 838 783 869 et
814 831 987 881 Iuppiter
1016 833 1159 870 hostis.’

101 890 186 929 Nec
216 891 325 940 plura
354 889 492 927 effatus
523 902 658 927 saxum
688 891 946 940 circumspicit
976 892 1122 942 ingens,

101 963 237 988 saxum
266 950 467 999 antiquum
497 950 647 999 ingens,
678 963 819 1000 campo
847 951 953 1000 quod
984 951 1079 989 forte
1109 952 1268 997 iacebat,

101 1011 212 1048 limes
243 1023 337 1059 agro
367 1011 527 1059 positus
559 1011 662 1048 litem
695 1018 734 1048 ut
765 1012 996 1049 discerneret
1026 1013 1132 1050 arvis.

101 1071 178 1108 Vix
208 1071 299 1108 illud
328 1070 414 1107 lecti
444 1071 501 1108 bis
531 1082 599 1108 sex
629 1072 774 1109 cervice
805 1072 986 1117 subirent,

101 1132 228 1181 qualia
258 1143 361 1168 nunc
391 1131 594 1169 hominurn
625 1132 801 1180 producit
831 1144 994 1181 corpora
1023 1132 1157 1170 tellus:

101 1192 162 1229 ille
192 1203 311 1228 manu
340 1198 493 1239 raptum
523 1191 671 1240 trepida
701 1192 903 1241 torquebat
933 1193 971 1229 in
1001 1192 1152 1230 hostem

103 1251 212 1288 altior
241 1251 445 1298 insurgens
476 1257 513 1287 et
543 1262 656 1288 cursu
686 1252 860 1289 concitus
891 1252 1015 1289 heros.

104 1310 180 1347 Sed
210 1321 336 1357 neque
367 1316 582 1346 currentem
612 1322 653 1347 se
683 1323 754 1348 nec
785 1313 987 1360 cognoscit
1017 1318 1171 1350 euntem

102 1370 346 1408 tollentemve
376 1381 514 1407 manus
544 1382 725 1408 saxumve
755 1371 923 1409 immane
954 1378 1198 1418 moventem3

103 1443 232 1480 genua
261 1430 401 1475 labant,
432 1430 581 1479 gelidus
606 1431 800 1469 concrevit
829 1431 971 1481 frigore
1001 1433 1168 1481 sanguis.

104 1491 209 1528 Tum
239 1490 333 1540 lapis
364 1491 446 1540 ipse
475 1492 554 1537 viri,
584 1504 747 1530 vacuum
777 1505 844 1542 per
873 1493 987 1530 inane
1016 1493 1179 1539 volutus,

104 1563 177 1588 nec
207 1550 374 1599 spatium
403 1552 521 1588 evasit
550 1558 673 1589 toturn
704 1565 831 1602 neque
860 1553 1011 1602 pertulit
1041 1554 1171 1591 ictum.

104 1612 163 1648 Ac
192 1611 293 1647 velut
322 1611 361 1647 in
391 1612 548 1655 somnis,
580 1612 713 1650 oculos
742 1613 806 1649 ubi
835 1612 1016 1661 languida
1045 1614 1183 1662 pressit

105 1676 220 1707 nocte
250 1670 369 1718 quies,
401 1671 635 1720 nequiquam
666 1672 797 1710 avidos
827 1673 1035 1710 extendere
1065 1686 1198 1711 cursus

105 1729 200 1767 velle
229 1729 402 1766 videmur
430 1737 467 1767 et
498 1730 535 1766 in
566 1731 701 1767 mediis
732 1732 933 1769 conatibus
963 1734 1067 1781 aegri

105 1789 350 1832 succidimus,
381 1801 461 1826 non
491 1790 622 1838 lingua
651 1791 759 1836 valet,
791 1803 869 1828 non
899 1804 1061 1840 corpore
1090 1798 1206 1829 notae

107 1848 300 1886 sufficiunt
329 1849 437 1893 vires,
469 1861 540 1886 nec
569 1861 643 1887 vox
673 1857 737 1887 aut
766 1851 881 1888 verba
910 1858 1143 1900 sequuntur:

105 1909 159 1946 sic
190 1908 340 1953 Turno,
372 1921 617 1958 quacumque
647 1910 746 1947 viam
775 1911 908 1948 virtute
938 1911 1078 1960 petivit,

108 1979 328 2005 successum
360 1968 432 2005 dea
462 1969 541 2005 dira
571 1976 698 2017 negat.
755 1970 858 2007 Tum
888 1978 1044 2019 pectore
1074 1982 1210 2008 sensus

109 2034 303 2064 vertuntur
333 2028 434 2064 varii.
494 2027 658 2066 Rutulos
688 2037 859 2079 aspectat
888 2037 926 2067 et
955 2031 1090 2067 urbem

108 2095 384 2136 cunctaturque
414 2096 518 2125 metu
548 2089 743 2138 letumque
773 2090 913 2127 instare
944 2091 1156 2128 tremescit:

109 2159 180 2183 ηερ
211 2158 289 2195 quo
320 2159 360 2183 se
391 2148 535 2196 eripiat,
566 2160 637 2185 ηερ
667 2161 744 2197 qua
773 2150 806 2185 vi
839 2150 969 2186 tendat
999 2151 1036 2186 in
1067 2150 1219 2187 hostem

107 2218 180 2243 nec
211 2218 340 2243 currus
370 2219 532 2255 usquam
563 2207 663 2244 videt
693 2209 910 2256 aurigamve
941 2221 1123 2246 sororem.

110 2264 318 2303 Cunctanti
347 2267 463 2303 telum
495 2267 649 2305 Aeneas
679 2267 791 2305 fatale
821 2278 1008 2314 coruscat,

109 2326 263 2362 sortitus
294 2325 487 2363 fortunam
518 2327 649 2372 oculis,
681 2334 717 2364 et
747 2340 910 2376 corpore
940 2335 1022 2365 toto

108 2385 259 2422 eminus
289 2385 490 2434 intorquet.
550 2386 689 2424 Murali
720 2388 870 2424 concita
899 2400 1111 2437 numquam

108 2450 301 2482 tormento
331 2445 384 2483 sic
414 2458 507 2483 saxa
536 2446 711 2493 fremunt,
742 2460 813 2485 nec
843 2447 1000 2485 fulmine
1031 2447 1124 2484 tanti

1430 541 1493 580 890

1433 1149 1496 1180 900

1434 1447 1495 1478 905

1435 1747 1499 1778 910

1437 2045 1498 2076 915

1438 2343 1502 2375 920
