1669 2737
125 101 155 142 4
687 96 970 136 BUCOLICA.

65 199 69 204 ’
124 203 297 253 quamvis
324 202 386 241 ille
414 203 532 253 niger,
563 204 736 253 quamvis
765 211 806 242 tu
835 204 1020 243 candidus
1050 206 1182 243 esses?

125 262 161 301 O
191 264 359 301 formose
388 276 492 313 puer,
526 264 687 301 nimium
716 277 764 301 ne
795 265 907 302 crede
937 265 1075 311 colori;

124 322 210 360 alba
237 323 395 371 ligustra
424 323 576 369 cadunt,
606 324 777 361 vaccinia
805 325 913 373 nigra
941 324 1127 374 leguntur.

124 383 340 432 Despectus
368 383 435 420 tibi
465 396 560 429 sum,
591 396 663 421 nec
692 384 756 433 qui
785 384 857 421 sim
886 385 1045 433 quaeris,
1078 385 1199 431 Alexi,

125 456 242 493 quam
272 445 377 482 dives
406 445 566 493 pecoris,
597 445 696 480 nivei
725 457 842 494 quam
870 445 977 482 lactis
1006 446 1230 484 abundans:

124 504 226 541 mille
255 516 366 541 meae
396 503 532 541 Siculis
561 510 686 542 errant
714 505 753 540 in
783 504 978 546 montibus
1007 517 1156 554 agnae;

124 563 183 601 lac
211 564 305 601 mihi
334 575 413 601 non
444 571 586 601 aestate
615 576 769 607 novum,
800 575 880 601 non
909 563 1048 613 frigore
1079 565 1180 603 defit.

126 621 264 668 Canto,
294 635 392 672 quae
423 623 565 668 solitus,
596 624 626 660 si
656 622 810 671 quando
840 630 1012 660 armenta
1039 625 1210 670 vocabat,

125 682 325 731 Amphion
354 682 538 719 Dircaeus
568 683 607 718 in
637 682 783 719 Actaeo
812 682 1035 720 Aracintho.

126 741 211 779 Nec
241 754 326 779 sum
356 742 454 779 adeo
483 742 680 779 informis:
722 754 844 791 nuper
873 754 936 778 me
964 742 1004 778 in
1031 742 1139 780 litore
1170 743 1256 788 vidi,

127 800 228 838 Cum
256 801 449 850 placidum
478 801 599 838 ventis
628 808 741 838 staret
770 813 874 838 mare
889 814 898 847 ;
939 813 1018 838 non
1046 814 1121 851 ego
1150 801 1348 851 Daphnim

126 860 250 898 iudice
280 868 316 897 te
345 867 526 905 metuam,
557 860 587 897 si
616 872 828 909 numquam
857 860 949 897 fallit
977 860 1117 909 imago.

128 919 164 957 O
193 926 340 957 tantum
370 920 483 956 libeat
511 932 664 956 mecum
693 920 761 956 tibi
790 919 942 957 sordida
970 932 1056 956 rura

127 985 239 1028 atque
268 978 429 1016 humiles
458 979 627 1016 habitare
656 991 771 1024 casas,
802 985 838 1016 et
869 979 983 1027 figere
1012 991 1154 1024 cervos,

126 1037 413 1086 haedorumque
443 1050 601 1086 gregem
628 1037 735 1074 viridi
765 1038 994 1086 compellere
1023 1038 1192 1076 hibisco!

127 1096 285 1134 Mecum
313 1109 390 1134 una
417 1097 457 1134 in
486 1097 586 1134 silvis
614 1098 808 1134 imitabere
838 1097 944 1134 Pana
973 1098 1161 1135 canendo.

126 1156 209 1193 Pan
237 1156 403 1206 primum
431 1156 600 1193 calamos
631 1168 717 1193 cera
747 1156 981 1205 coniungere
1009 1157 1136 1205 plures

126 1217 295 1261 instituit,
325 1216 406 1252 Pan
436 1222 540 1253 curat
569 1228 659 1253 oves
690 1216 893 1264 oviumque
923 1216 1138 1264 magistros.

128 1275 213 1313 Nec
241 1283 278 1313 te
307 1276 499 1324 paeniteat
530 1275 678 1312 calamo
708 1275 853 1312 trivisse
882 1275 1086 1312 labellum:

128 1335 224 1373 haec
254 1335 389 1372 eadem
417 1342 457 1371 ut
486 1336 606 1380 sciret,
638 1334 730 1383 quid
759 1346 838 1371 non
867 1334 1029 1371 faciebat
1058 1335 1271 1384 Amyntas?

127 1395 198 1432 Est
226 1394 317 1431 mihi
347 1394 559 1443 disparibus
590 1401 738 1443 septem
768 1400 970 1443 compacta
999 1393 1130 1430 cicutis

129 1454 263 1499 fistula,
293 1454 505 1490 Damoetas
536 1453 640 1490 dono
668 1453 760 1489 mihi
791 1465 907 1502 quarn
938 1453 1040 1490 dedit
1069 1453 1159 1490 olim

129 1522 166 1552 et
195 1514 287 1551 dixit
315 1513 506 1551 moriens:
547 1512 642 1549 “Te
672 1525 774 1549 nunc
804 1513 918 1549 habet
947 1513 1016 1549 ista
1044 1511 1310 1550 secundum:”

127 1574 234 1611 Dixit
262 1572 483 1616 Damoetas,
513 1571 643 1608 invidit
673 1571 805 1608 stultus
835 1571 1034 1620 Amyntas.

128 1633 328 1670 Praeterea
357 1632 433 1669 duo
464 1643 537 1668 nee
565 1637 646 1667 tuta
673 1630 767 1667 mihi
795 1630 889 1667 valle
918 1630 1056 1679 reperti

129 1691 303 1742 capreoli,
334 1691 474 1740 sparsis
504 1691 617 1727 etiam
646 1702 749 1726 nunc
778 1689 939 1738 pellibus
969 1689 1079 1734 albo3

127 1753 218 1789 bina
247 1750 307 1787 die
337 1751 481 1787 siccant
510 1749 590 1786 ovis
620 1750 760 1785 ubera:
800 1760 897 1797 quos
927 1748 994 1784 tibi
1024 1759 1144 1785 servo.

128 1811 213 1848 Iam
241 1809 388 1858 pridem
416 1821 439 1845 a
468 1820 530 1845 me
559 1807 642 1845 illos
671 1807 860 1844 abducere
889 1807 1083 1856 Thestylis
1112 1814 1193 1844 orat
1207 1820 1219 1854 3

132 1877 169 1908 et
197 1869 318 1914 faciet,
349 1868 533 1917 quoniam
561 1867 716 1904 sordent
744 1867 811 1904 tibi
839 1878 998 1904 munera
1027 1873 1165 1904 nostra.

129 1930 222 1967 Huc
251 1928 352 1972 ades,
383 1939 406 1964 o
436 1927 603 1964 formose
631 1938 747 1975 puer:
785 1925 851 1962 tibi
880 1924 955 1961 lilia
982 1925 1104 1973 plenis

131 2001 219 2026 ecce
248 1987 370 2024 ferunt
398 1985 603 2035 Nymphae
633 1984 812 2031 calathis3
850 1984 915 2021 tibi
945 1983 1107 2027 candida
1136 1983 1242 2029 Nais,

129 2048 315 2098 pallentes
343 2046 460 2083 violas
490 2052 527 2082 et
555 2057 706 2083 summa
733 2055 923 2093 papavera
953 2055 1123 2092 carpens,

130 2107 340 2145 narcissum
370 2112 406 2142 et
434 2105 569 2142 florem
597 2104 718 2152 iungit
747 2103 846 2140 bene
874 2102 1010 2139 olentis
1039 2101 1187 2147 anethi;

129 2174 210 2206 tum
240 2166 340 2203 casia
368 2173 481 2214 atque
509 2164 590 2200 aliis
618 2164 793 2199 intexens
822 2161 1000 2198 suavibus
1027 2160 1152 2198 herbis

129 2225 259 2264 mollia
286 2224 425 2261 luteola
452 2223 575 2272 pingit
603 2222 770 2259 vaccinia
799 2221 905 2258 calta.

129 2286 219 2335 Ipse
247 2296 321 2333 ego
350 2296 447 2320 cana
474 2283 600 2331 legam
628 2289 757 2319 tenera
783 2281 966 2329 lanugine
993 2279 1093 2316 mala

130 2351 401 2391 castaneasque
430 2354 560 2386 nuces,
590 2353 678 2378 mea
705 2352 800 2390 quas
828 2338 1029 2388 Amaryllis
1058 2337 1210 2375 amabat
1220 2350 1230 2383 ;

131 2404 271 2442 addam
298 2413 408 2439 cerea
435 2412 578 2449 pruna:
616 2400 741 2436 honos
770 2399 838 2436 erit
866 2397 953 2435 huic
981 2408 1135 2446 quoque
1164 2406 1312 2445 pomo;

133 2469 170 2501 et
194 2473 272 2507 vos,
303 2471 327 2498 ο
356 2460 458 2505 lauri,
488 2470 642 2508 carpam
671 2465 708 2496 et
736 2465 783 2505 te,
812 2457 988 2508 proxima
1015 2462 1148 2506 myrte,

1478 461 1518 484 20

1476 1055 1520 1085 30

1478 1351 1517 1382 35

1475 1646 1519 1679 40

1475 1940 1516 1972 45
