1669 2737
137 59 190 112 96
723 62 948 99 AENEJS.

137 173 309 222 reginam
340 172 556 222 opperiens,
589 171 692 217 dum,
724 185 822 222 quae
852 172 1004 209 fortuna
1033 171 1079 208 sit
1107 171 1201 216 urbi,

138 233 400 281 artificumque
430 244 566 268 manus
596 233 692 269 inter
722 244 763 269 se
793 243 1032 281 operumque
1060 230 1231 268 laborem

138 292 304 335 miratur,
334 291 435 327 videt
464 290 600 328 Iliacas
630 303 677 328 ex
707 291 840 328 ordine
869 302 1019 339 pugnas

138 351 313 399 bellaque
342 351 416 386 iam
447 349 548 386 fama
574 356 698 387 totum
728 350 880 399 vulgata
909 362 977 399 per
1005 350 1151 393 orbem,

139 411 292 447 Atridas
322 409 592 458 Priamumque
623 416 660 446 et
689 421 845 446 saevum
875 410 1067 446 ambobus
1096 407 1298 445 Achillem.

142 468 332 513 Constitit,
361 477 398 505 et
427 468 628 505 lacrimans
658 467 780 514 ‘Quis
811 469 886 505 iam
917 467 1046 512 locus,'
1078 468 1212 516 inquit,
1242 466 1426 511 ‘Achate‚

142 541 240 577 quae
269 528 374 577 regio
405 527 444 563 in
474 528 579 564 terris
610 528 730 564 nostri
755 540 835 564 non
864 528 978 576 plena
1008 527 1174 564 laboris?

142 588 204 624 En
234 587 416 624 Priamus.
475 587 570 623 Sunt
600 586 661 624 hic
692 587 806 624 etiam
837 599 904 624 sua
933 587 1102 635 praemia
1130 585 1253 631 laudi;

144 654 232 684 sunt
260 647 436 684 lacrimae
467 658 592 682 rerum
623 652 660 682 et
689 653 858 683 mentem
886 646 1062 682 mortalia
1090 651 1263 694 tangunt.

146 706 258 743 Solve
287 712 433 750 metus;
474 704 567 741 feret
596 704 690 742 haec
719 705 886 754 aliquam
917 705 983 742 tibi
1013 704 1113 741 fama
1142 702 1325 741 salutem.’

147 765 209 803 Sic
239 766 299 810 ait,
330 773 444 813 atque
475 765 645 800 animum
674 765 821 812 pictura
850 764 971 814 pascit
998 763 1103 800 inani

146 827 265 862 multa
293 836 462 873 gemens,
493 823 677 872 largoque
705 830 873 860 umectat
903 823 1059 859 flumine
1088 822 1243 860 vultum.

147 884 327 933 Namque
355 883 515 927 videbat,
546 883 599 919 uti
630 882 812 920 bellantes
842 882 1029 931 Pergama
1059 882 1200 918 circum

147 945 219 982 hac
250 943 423 991 fugerent
452 941 568 986 Graii,
599 950 786 990 premeret
815 942 986 979 Troiana
1014 942 1211 986 iuventus;

148 1005 221 1041 hac
241 1003 423 1051 Phryges,
454 1002 609 1038 instaret
639 1013 749 1038 curru
780 1002 952 1038 cristatus
981 1001 1161 1038 Achilles.

149 1063 234 1101 Nec
264 1062 395 1112 procul
424 1062 512 1097 hinc
544 1060 661 1097 Rhesi
691 1061 808 1097 niveis
837 1061 998 1097 tentoria
1027 1060 1117 1097 velis

150 1123 324 1173 agnoscit
353 1122 566 1164 lacrimans,
596 1121 721 1169 primo
752 1132 851 1168 quae
880 1120 1030 1169 prodita
1059 1131 1200 1156 somno

151 1182 322 1233 Tydides
350 1180 469 1217 multa
498 1180 668 1216 vastabat
697 1179 813 1216 caede
843 1186 1035 1223 cruentus,

152 1242 403 1289 ardentesque
433 1239 563 1276 avertit
593 1250 714 1287 equos
744 1239 783 1275 in
812 1247 944 1283 castra,
976 1238 1195 1287 priusquam

152 1301 294 1352 pabula
323 1304 541 1348 gustassent
571 1297 713 1335 Troiae
743 1297 1021 1347 Xanthumque
1051 1297 1246 1334 bibissent.

154 1362 264 1398 Parte
294 1360 365 1396 alia
394 1358 542 1407 fugiens
573 1358 720 1394 amissis
751 1356 904 1394 Troilus
934 1357 1060 1402 armis,

155 1421 283 1458 infelix
313 1431 405 1468 puer
435 1426 548 1466 atque
578 1417 700 1465 impar
730 1428 958 1466 congressus
987 1415 1139 1460 Achilli,

156 1481 270 1518 fertur
299 1478 406 1527 equis
436 1488 623 1525 curruque
652 1476 782 1513 haeret
811 1476 1012 1524 resupinus
1041 1475 1156 1519 inani,

156 1541 238 1578 lora
266 1546 400 1575 tenens
430 1544 581 1581 tamen;
621 1534 709 1572 huic
739 1535 941 1584 cervixque
971 1546 1183 1582 comaeque
1213 1532 1410 1570 trahuntur

157 1612 224 1649 per
252 1606 402 1642 terram,
433 1603 469 1632 et
497 1607 604 1631 versa
633 1594 754 1643 pulvis
783 1594 996 1631 inscribitur
1024 1593 1144 1629 hasta.

158 1660 311 1696 Interea
339 1656 387 1693 ad
416 1654 601 1703 templum
631 1665 710 1690 non
739 1665 883 1702 aequae
914 1652 1075 1689 Palladis
1104 1652 1210 1688 ibant

160 1718 327 1757 crinibus
356 1715 495 1751 Iliades
524 1714 648 1763 passis
676 1713 909 1762 peplumque
939 1711 1121 1754 ferebant,

161 1776 380 1827 suppliciter
409 1774 530 1810 tristes
559 1779 596 1809 et
626 1780 758 1809 tunsae
788 1778 945 1821 pectora
973 1770 1131 1820 palmis:

162 1838 248 1875 diva
276 1834 360 1872 solo
390 1833 486 1870 fixos
516 1832 650 1869 oculos
680 1843 811 1868 aversa
840 1831 1008 1868 tenebat.

163 1897 242 1934 Ter
271 1896 415 1932 circum
444 1893 582 1929 Iliacos
611 1896 822 1940 raptaverat
853 1889 1023 1926 Hectora
1050 1900 1182 1925 muros

164 1955 461 2001 exanimumque
491 1963 584 1988 auro
613 1962 753 1999 corpus
782 1949 971 1986 vendebat
999 1947 1177 1984 Achilles.

166 2015 271 2052 Tum
299 2024 388 2049 vero
419 2012 614 2060 ingentem
643 2010 828 2058 gemitum
860 2008 924 2045 dat
953 2014 1108 2057 pectore
1138 2007 1186 2042 ab
1216 2006 1305 2051 imo,

166 2081 208 2111 ut
236 2072 373 2121 spolia,
400 2078 441 2107 ut
470 2082 613 2113 currus,
644 2076 758 2117 utque
789 2068 916 2116 ipsum
945 2077 1084 2115 corpus
1114 2065 1225 2101 amici

166 2134 465 2180 tendentemque
494 2142 630 2167 manus
659 2129 852 2166 Priamum
881 2126 1081 2174 conspexit
1109 2125 1283 2161 inermes.

169 2194 219 2231 Se
248 2202 402 2241 quoque
430 2190 667 2238 principibus
696 2188 926 2236 permixtum
955 2184 1110 2234 agnovit
1139 2183 1305 2227 Achivis,

167 2254 347 2301 ansque
377 2250 476 2287 acies
507 2256 544 2286 et
573 2248 668 2297 nigri
698 2246 920 2284 Memnonis
949 2255 1064 2282 arma.

168 2312 285 2350 Ducit
313 2308 597 2347 Amazonidum
625 2307 762 2344 lunatis
790 2305 945 2354 agmina
972 2302 1082 2352 peltis

170 2369 410 2408 Penthesilea
438 2367 566 2404 furens
595 2365 806 2414 mediisque
835 2365 874 2400 in
902 2363 1068 2400 millibus
1097 2360 1212 2406 ardet,

172 2442 286 2468 aurea
314 2428 546 2466 subnectens
576 2432 748 2464 exsertae
777 2423 930 2473 cingula
957 2432 1159 2466 mammae,

1485 1426 1548 1459 475

1490 1715 1552 1753 480

1494 2315 1559 2346 490
