<?xml version="1.0" encoding="UTF-8"?>
<!DOCTYPE html PUBLIC "-//W3C//DTD XHTML 1.0 Transitional//EN"
    "http://www.w3.org/TR/xhtml1/DTD/xhtml1-transitional.dtd">
<html xmlns="http://www.w3.org/1999/xhtml" xml:lang="en" lang="en">
 <head>
  <title>
</title>
<meta http-equiv="Content-Type" content="text/html;charset=utf-8" />
  <meta name='ocr-system' content='tesseract 3.04.00' />
  <meta name='ocr-capabilities' content='ocr_page ocr_carea ocr_par ocr_line ocrx_word'/>
</head>
<body>
  <div class='ocr_page' id='page_1' title='image "./operavirgilwithi01virguoft_0290.png"; bbox 0 0 1669 2737; ppageno 0'>
   <div class='ocr_carea' id='block_1_1' title="bbox 127 65 922 103">
    <p class='ocr_par' dir='ltr' id='par_1_1' title="bbox 127 65 922 103">
     <span class='ocr_line' id='line_1_1' title="bbox 127 65 922 103; baseline 0.003 -2"><span class='ocrx_word' id='word_1_1' title='bbox 127 72 207 102; x_wconf 80' lang='lat'>222</span> <span class='ocrx_word' id='word_1_2' title='bbox 697 65 922 103; x_wconf 80' lang='lat' dir='ltr'><em>AENEIS.</em></span> 
     </span>
    </p>
   </div>
   <div class='ocr_carea' id='block_1_2' title="bbox 109 173 1293 2478">
    <p class='ocr_par' dir='ltr' id='par_1_2' title="bbox 119 173 1293 1228">
     <span class='ocr_line' id='line_1_2' title="bbox 124 173 1052 223; baseline 0.003 -13"><span class='ocrx_word' id='word_1_3' title='bbox 124 174 266 211; x_wconf 89' lang='lat' dir='ltr'>lumine</span> <span class='ocrx_word' id='word_1_4' title='bbox 296 173 485 211; x_wconf 88' lang='lat' dir='ltr'>fumantes</span> <span class='ocrx_word' id='word_1_5' title='bbox 514 173 594 211; x_wconf 83' lang='lat' dir='ltr'>fixit</span> <span class='ocrx_word' id='word_1_6' title='bbox 623 174 694 211; x_wconf 89' lang='lat' dir='ltr'>sub</span> <span class='ocrx_word' id='word_1_7' title='bbox 722 181 880 223; x_wconf 84' lang='lat' dir='ltr'>pectore</span> <span class='ocrx_word' id='word_1_8' title='bbox 911 175 1052 213; x_wconf 84' lang='lat' dir='ltr'>taedas.</span> 
     </span>
     <span class='ocr_line' id='line_1_3' title="bbox 126 233 1293 284; baseline 0.003 -14"><span class='ocrx_word' id='word_1_9' title='bbox 126 233 200 271; x_wconf 91' lang='lat' dir='ltr'>Olli</span> <span class='ocrx_word' id='word_1_10' title='bbox 230 245 409 270; x_wconf 88' lang='lat' dir='ltr'>somnum</span> <span class='ocrx_word' id='word_1_11' title='bbox 438 233 573 281; x_wconf 87' lang='lat' dir='ltr'>ingens</span> <span class='ocrx_word' id='word_1_12' title='bbox 603 235 744 282; x_wconf 85' lang='lat' dir='ltr'><strong>rumpit</strong></span> <span class='ocrx_word' id='word_1_13' title='bbox 772 246 901 282; x_wconf 83' lang='lat' dir='ltr'>pavor,</span> <span class='ocrx_word' id='word_1_14' title='bbox 931 247 1095 284; x_wconf 79' lang='lat' dir='ltr'>ossaque</span> <span class='ocrx_word' id='word_1_15' title='bbox 1126 242 1162 273; x_wconf 92' lang='lat' dir='ltr'>et</span> <span class='ocrx_word' id='word_1_16' title='bbox 1190 244 1293 274; x_wconf 85' lang='lat' dir='ltr'>artus</span> 
     </span>
     <span class='ocr_line' id='line_1_4' title="bbox 125 292 996 342; baseline 0.002 -13"><span class='ocrx_word' id='word_1_17' title='bbox 125 292 313 341; x_wconf 90' lang='lat' dir='ltr'>perfundit</span> <span class='ocrx_word' id='word_1_18' title='bbox 340 299 420 329; x_wconf 85' lang='lat' dir='ltr'>toto</span> <span class='ocrx_word' id='word_1_19' title='bbox 450 300 652 341; x_wconf 89' lang='lat' dir='ltr'>proruptus</span> <span class='ocrx_word' id='word_1_20' title='bbox 681 304 842 342; x_wconf 89' lang='lat' dir='ltr'>corpore</span> <span class='ocrx_word' id='word_1_21' title='bbox 871 295 996 331; x_wconf 89' lang='lat' dir='ltr'>sudor.</span> 
     </span>
     <span class='ocr_line' id='line_1_5' title="bbox 125 351 1235 403; baseline 0.002 -15"><span class='ocrx_word' id='word_1_22' title='bbox 125 355 243 388; x_wconf 89' lang='lat' dir='ltr'>Arma</span> <span class='ocrx_word' id='word_1_23' title='bbox 272 363 403 388; x_wconf 87' lang='lat' dir='ltr'>amens</span> <span class='ocrx_word' id='word_1_24' title='bbox 434 351 566 396; x_wconf 88' lang='lat' dir='ltr'>fremit,</span> <span class='ocrx_word' id='word_1_25' title='bbox 597 364 702 389; x_wconf 87' lang='lat' dir='ltr'>arma</span> <span class='ocrx_word' id='word_1_26' title='bbox 731 360 815 389; x_wconf 90' lang='lat' dir='ltr'>toro</span> <span class='ocrx_word' id='word_1_27' title='bbox 845 354 1028 402; x_wconf 86' lang='lat' dir='ltr'>tectisque</span> <span class='ocrx_word' id='word_1_28' title='bbox 1056 354 1235 403; x_wconf 82' lang='lat' dir='ltr'>requirit3</span> 
     </span>
     <span class='ocr_line' id='line_1_6' title="bbox 126 410 1068 456; baseline 0.003 -10"><span class='ocrx_word' id='word_1_29' title='bbox 126 411 242 447; x_wconf 87' lang='lat' dir='ltr'>saevit</span> <span class='ocrx_word' id='word_1_30' title='bbox 271 422 378 447; x_wconf 84' lang='lat' dir='ltr'>amor</span> <span class='ocrx_word' id='word_1_31' title='bbox 407 410 491 446; x_wconf 88' lang='lat' dir='ltr'>ferri</span> <span class='ocrx_word' id='word_1_32' title='bbox 520 418 556 447; x_wconf 89' lang='lat' dir='ltr'>et</span> <span class='ocrx_word' id='word_1_33' title='bbox 585 411 764 447; x_wconf 85' lang='lat' dir='ltr'>scelerata</span> <span class='ocrx_word' id='word_1_34' title='bbox 793 412 942 448; x_wconf 86' lang='lat' dir='ltr'>insania</span> <span class='ocrx_word' id='word_1_35' title='bbox 971 413 1068 456; x_wconf 88' lang='lat' dir='ltr'>belli,</span> 
     </span>
     <span class='ocr_line' id='line_1_7' title="bbox 124 470 1140 518; baseline 0.004 -13"><span class='ocrx_word' id='word_1_36' title='bbox 124 470 178 506; x_wconf 87' lang='lat' dir='ltr'>ira</span> <span class='ocrx_word' id='word_1_37' title='bbox 208 481 343 518; x_wconf 87' lang='lat' dir='ltr'>super:</span> <span class='ocrx_word' id='word_1_38' title='bbox 382 481 527 517; x_wconf 85' lang='lat' dir='ltr'>magno</span> <span class='ocrx_word' id='word_1_39' title='bbox 556 470 667 506; x_wconf 90' lang='lat' dir='ltr'>veluti</span> <span class='ocrx_word' id='word_1_40' title='bbox 697 481 785 506; x_wconf 89' lang='lat' dir='ltr'>cum</span> <span class='ocrx_word' id='word_1_41' title='bbox 814 470 970 508; x_wconf 85' lang='lat' dir='ltr'>flamma</span> <span class='ocrx_word' id='word_1_42' title='bbox 1000 483 1140 509; x_wconf 89' lang='lat' dir='ltr'>sonore</span> 
     </span>
     <span class='ocr_line' id='line_1_8' title="bbox 124 529 958 577; baseline 0.002 -13"><span class='ocrx_word' id='word_1_43' title='bbox 124 529 252 577; x_wconf 84' lang='lat' dir='ltr'>virgea</span> <span class='ocrx_word' id='word_1_44' title='bbox 281 529 493 576; x_wconf 80' lang='lat' dir='ltr'>suggeritur</span> <span class='ocrx_word' id='word_1_45' title='bbox 521 529 635 565; x_wconf 85' lang='lat' dir='ltr'>costis</span> <span class='ocrx_word' id='word_1_46' title='bbox 666 529 844 567; x_wconf 88' lang='lat' dir='ltr'>undantis</span> <span class='ocrx_word' id='word_1_47' title='bbox 874 531 958 566; x_wconf 71' lang='lat' dir='ltr'>aeni</span> 
     </span>
     <span class='ocr_line' id='line_1_9' title="bbox 125 586 1090 638; baseline 0.002 -14"><span class='ocrx_word' id='word_1_48' title='bbox 125 588 390 635; x_wconf 83' lang='lat' dir='ltr'>exsultantque</span> <span class='ocrx_word' id='word_1_49' title='bbox 420 593 527 624; x_wconf 85' lang='lat' dir='ltr'>aestu</span> <span class='ocrx_word' id='word_1_50' title='bbox 557 586 696 631; x_wconf 85' lang='lat' dir='ltr'>latices,</span> <span class='ocrx_word' id='word_1_51' title='bbox 729 587 814 624; x_wconf 91' lang='lat' dir='ltr'>furit</span> <span class='ocrx_word' id='word_1_52' title='bbox 843 588 944 625; x_wconf 90' lang='lat' dir='ltr'>intus</span> <span class='ocrx_word' id='word_1_53' title='bbox 973 594 1090 638; x_wconf 74' lang='lat' dir='ltr'>aquai·</span> 
     </span>
     <span class='ocr_line' id='line_1_10' title="bbox 123 645 1083 694; baseline 0.001 -11"><span class='ocrx_word' id='word_1_54' title='bbox 123 647 290 683; x_wconf 88' lang='lat' dir='ltr'>fumidus</span> <span class='ocrx_word' id='word_1_55' title='bbox 321 653 433 694; x_wconf 90' lang='lat' dir='ltr'>atque</span> <span class='ocrx_word' id='word_1_56' title='bbox 464 645 536 682; x_wconf 90' lang='lat' dir='ltr'>alte</span> <span class='ocrx_word' id='word_1_57' title='bbox 565 646 709 694; x_wconf 87' lang='lat' dir='ltr'>spumis</span> <span class='ocrx_word' id='word_1_58' title='bbox 738 647 918 683; x_wconf 83' lang='lat' dir='ltr'>exuberat</span> <span class='ocrx_word' id='word_1_59' title='bbox 948 649 1083 693; x_wconf 90' lang='lat' dir='ltr'>amnis,</span> 
     </span>
     <span class='ocr_line' id='line_1_11' title="bbox 124 705 1249 755; baseline 0.004 -14"><span class='ocrx_word' id='word_1_60' title='bbox 124 718 193 742; x_wconf 89' lang='lat' dir='ltr'>nec</span> <span class='ocrx_word' id='word_1_61' title='bbox 223 706 298 741; x_wconf 88' lang='lat' dir='ltr'>iam</span> <span class='ocrx_word' id='word_1_62' title='bbox 327 717 366 742; x_wconf 89' lang='lat' dir='ltr'>se</span> <span class='ocrx_word' id='word_1_63' title='bbox 397 705 497 753; x_wconf 85' lang='lat' dir='ltr'>capit</span> <span class='ocrx_word' id='word_1_64' title='bbox 525 706 640 749; x_wconf 88' lang='lat' dir='ltr'>unda,</span> <span class='ocrx_word' id='word_1_65' title='bbox 670 705 771 742; x_wconf 90' lang='lat' dir='ltr'>volat</span> <span class='ocrx_word' id='word_1_66' title='bbox 798 718 917 755; x_wconf 84' lang='lat' dir='ltr'>vapor</span> <span class='ocrx_word' id='word_1_67' title='bbox 945 715 1023 744; x_wconf 87' lang='lat' dir='ltr'>ater</span> <span class='ocrx_word' id='word_1_68' title='bbox 1051 707 1100 744; x_wconf 85' lang='lat' dir='ltr'>ad</span> <span class='ocrx_word' id='word_1_69' title='bbox 1129 719 1249 745; x_wconf 87' lang='lat' dir='ltr'>auras.</span> 
     </span>
     <span class='ocr_line' id='line_1_12' title="bbox 122 763 1067 814; baseline 0.003 -14"><span class='ocrx_word' id='word_1_70' title='bbox 122 764 227 812; x_wconf 84' lang='lat' dir='ltr'>Ergo</span> <span class='ocrx_word' id='word_1_71' title='bbox 255 765 322 801; x_wconf 90' lang='lat' dir='ltr'>iter</span> <span class='ocrx_word' id='word_1_72' title='bbox 351 763 400 800; x_wconf 92' lang='lat' dir='ltr'>ad</span> <span class='ocrx_word' id='word_1_73' title='bbox 428 776 559 812; x_wconf 84' lang='lat' dir='ltr'>regern</span> <span class='ocrx_word' id='word_1_74' title='bbox 589 764 734 814; x_wconf 89' lang='lat' dir='ltr'>polluta</span> <span class='ocrx_word' id='word_1_75' title='bbox 763 777 858 814; x_wconf 89' lang='lat' dir='ltr'>pace</span> <span class='ocrx_word' id='word_1_76' title='bbox 888 765 1067 803; x_wconf 88' lang='lat' dir='ltr'>Latinum</span> 
     </span>
     <span class='ocr_line' id='line_1_13' title="bbox 122 823 1104 873; baseline 0.002 -14"><span class='ocrx_word' id='word_1_77' title='bbox 122 824 251 860; x_wconf 83' lang='lat' dir='ltr'>indicit</span> <span class='ocrx_word' id='word_1_78' title='bbox 280 823 410 871; x_wconf 89' lang='lat' dir='ltr'>primis</span> <span class='ocrx_word' id='word_1_79' title='bbox 439 823 613 859; x_wconf 89' lang='lat' dir='ltr'>iuvenem</span> <span class='ocrx_word' id='word_1_80' title='bbox 643 831 678 860; x_wconf 90' lang='lat' dir='ltr'>et</span> <span class='ocrx_word' id='word_1_81' title='bbox 707 823 810 859; x_wconf 92' lang='lat' dir='ltr'>iubet</span> <span class='ocrx_word' id='word_1_82' title='bbox 839 836 944 861; x_wconf 85' lang='lat' dir='ltr'>arma</span> <span class='ocrx_word' id='word_1_83' title='bbox 972 825 1104 873; x_wconf 86' lang='lat' dir='ltr'>parari,</span> 
     </span>
     <span class='ocr_line' id='line_1_14' title="bbox 121 881 1018 926; baseline 0.001 -7"><span class='ocrx_word' id='word_1_84' title='bbox 121 883 229 919; x_wconf 88' lang='lat' dir='ltr'>tutari</span> <span class='ocrx_word' id='word_1_85' title='bbox 260 882 418 926; x_wconf 81' lang='lat' dir='ltr'>Italiam,</span> <span class='ocrx_word' id='word_1_86' title='bbox 449 881 646 919; x_wconf 81' lang='lat' dir='ltr'>detrudere</span> <span class='ocrx_word' id='word_1_87' title='bbox 676 882 815 919; x_wconf 89' lang='lat' dir='ltr'>finibus</span> <span class='ocrx_word' id='word_1_88' title='bbox 844 883 1018 920; x_wconf 86' lang='lat' dir='ltr'>hostem:</span> 
     </span>
     <span class='ocr_line' id='line_1_15' title="bbox 122 940 1185 992; baseline 0.002 -14"><span class='ocrx_word' id='word_1_89' title='bbox 122 954 161 978; x_wconf 86' lang='lat' dir='ltr'>se</span> <span class='ocrx_word' id='word_1_90' title='bbox 191 941 281 978; x_wconf 86' lang='lat' dir='ltr'>satis</span> <span class='ocrx_word' id='word_1_91' title='bbox 309 941 497 977; x_wconf 87' lang='lat' dir='ltr'>ambobus</span> <span class='ocrx_word' id='word_1_92' title='bbox 528 940 764 989; x_wconf 82' lang='lat' dir='ltr'>Teucrisque</span> <span class='ocrx_word' id='word_1_93' title='bbox 794 942 919 978; x_wconf 92' lang='lat' dir='ltr'>venire</span> <span class='ocrx_word' id='word_1_94' title='bbox 949 942 1185 992; x_wconf 82' lang='lat' dir='ltr'>Latinisque.</span> 
     </span>
     <span class='ocr_line' id='line_1_16' title="bbox 121 999 1166 1048; baseline 0 -10"><span class='ocrx_word' id='word_1_95' title='bbox 121 1001 230 1038; x_wconf 87' lang='lat' dir='ltr'>Haec</span> <span class='ocrx_word' id='word_1_96' title='bbox 259 1001 324 1037; x_wconf 91' lang='lat' dir='ltr'>ubi</span> <span class='ocrx_word' id='word_1_97' title='bbox 353 1000 452 1036; x_wconf 86' lang='lat' dir='ltr'>dicta</span> <span class='ocrx_word' id='word_1_98' title='bbox 482 999 583 1036; x_wconf 87' lang='lat' dir='ltr'>dedit</span> <span class='ocrx_word' id='word_1_99' title='bbox 613 1000 794 1048; x_wconf 78' lang='lat' dir='ltr'>divosque</span> <span class='ocrx_word' id='word_1_100' title='bbox 824 1002 861 1037; x_wconf 91' lang='lat' dir='ltr'>in</span> <span class='ocrx_word' id='word_1_101' title='bbox 891 1009 978 1038; x_wconf 87' lang='lat' dir='ltr'>vota</span> <span class='ocrx_word' id='word_1_102' title='bbox 1008 1004 1166 1046; x_wconf 87' lang='lat' dir='ltr'>vocavit,</span> 
     </span>
     <span class='ocr_line' id='line_1_17' title="bbox 120 1060 1062 1099; baseline 0 0"><span class='ocrx_word' id='word_1_103' title='bbox 120 1062 291 1099; x_wconf 78' lang='lat' dir='ltr'>certatim</span> <span class='ocrx_word' id='word_1_104' title='bbox 320 1073 403 1098; x_wconf 89' lang='lat' dir='ltr'>sese</span> <span class='ocrx_word' id='word_1_105' title='bbox 434 1060 563 1097; x_wconf 89' lang='lat' dir='ltr'>Rutuli</span> <span class='ocrx_word' id='word_1_106' title='bbox 593 1061 839 1098; x_wconf 78' lang='lat' dir='ltr'>exhortantur</span> <span class='ocrx_word' id='word_1_107' title='bbox 868 1062 906 1098; x_wconf 91' lang='lat' dir='ltr'>in</span> <span class='ocrx_word' id='word_1_108' title='bbox 935 1075 1062 1099; x_wconf 87' lang='lat' dir='ltr'>arma:</span> 
     </span>
     <span class='ocr_line' id='line_1_18' title="bbox 119 1121 1276 1171; baseline 0.002 -12"><span class='ocrx_word' id='word_1_109' title='bbox 119 1123 220 1160; x_wconf 90' lang='lat' dir='ltr'>hunc</span> <span class='ocrx_word' id='word_1_110' title='bbox 249 1123 364 1159; x_wconf 90' lang='lat' dir='ltr'>decus</span> <span class='ocrx_word' id='word_1_111' title='bbox 394 1121 590 1169; x_wconf 82' lang='lat' dir='ltr'>egregium</span> <span class='ocrx_word' id='word_1_112' title='bbox 620 1121 762 1158; x_wconf 78' lang='lat' dir='ltr'>formae</span> <span class='ocrx_word' id='word_1_113' title='bbox 791 1129 918 1159; x_wconf 82' lang='lat' dir='ltr'>movet</span> <span class='ocrx_word' id='word_1_114' title='bbox 947 1129 1059 1171; x_wconf 90' lang='lat' dir='ltr'>atque</span> <span class='ocrx_word' id='word_1_115' title='bbox 1089 1124 1276 1168; x_wconf 82' lang='lat' dir='ltr'>iuventae,</span> 
     </span>
     <span class='ocr_line' id='line_1_19' title="bbox 119 1180 1097 1228; baseline 0.001 -10"><span class='ocrx_word' id='word_1_116' title='bbox 119 1182 220 1218; x_wconf 89' lang='lat' dir='ltr'>hunc</span> <span class='ocrx_word' id='word_1_117' title='bbox 250 1181 345 1218; x_wconf 88' lang='lat' dir='ltr'>atavi</span> <span class='ocrx_word' id='word_1_118' title='bbox 374 1192 493 1228; x_wconf 80' lang='lat' dir='ltr'>reges,</span> <span class='ocrx_word' id='word_1_119' title='bbox 524 1180 626 1217; x_wconf 89' lang='lat' dir='ltr'>hunc</span> <span class='ocrx_word' id='word_1_120' title='bbox 656 1180 764 1217; x_wconf 77' lang='lat' dir='ltr'>claris</span> <span class='ocrx_word' id='word_1_121' title='bbox 795 1181 951 1218; x_wconf 80' lang='lat' dir='ltr'>dextera</span> <span class='ocrx_word' id='word_1_122' title='bbox 980 1181 1097 1219; x_wconf 87' lang='lat' dir='ltr'>factis.</span> 
     </span>
    </p>

    <p class='ocr_par' dir='ltr' id='par_1_3' title="bbox 109 1240 1243 2478">
     <span class='ocr_line' id='line_1_20' title="bbox 171 1240 1228 1291; baseline 0.001 -13"><span class='ocrx_word' id='word_1_123' title='bbox 171 1242 275 1278; x_wconf 89' lang='lat' dir='ltr'>Dum</span> <span class='ocrx_word' id='word_1_124' title='bbox 305 1241 460 1278; x_wconf 90' lang='lat' dir='ltr'>Turnus</span> <span class='ocrx_word' id='word_1_125' title='bbox 490 1240 653 1277; x_wconf 88' lang='lat' dir='ltr'>Rutulos</span> <span class='ocrx_word' id='word_1_126' title='bbox 683 1241 819 1277; x_wconf 86' lang='lat' dir='ltr'>animis</span> <span class='ocrx_word' id='word_1_127' title='bbox 848 1242 1057 1278; x_wconf 86' lang='lat' dir='ltr'>audacibus</span> <span class='ocrx_word' id='word_1_128' title='bbox 1086 1242 1228 1291; x_wconf 84' lang='lat' dir='ltr'>implet,</span> 
     </span>
     <span class='ocr_line' id='line_1_21' title="bbox 117 1298 1084 1347; baseline -0.001 -9"><span class='ocrx_word' id='word_1_129' title='bbox 117 1301 266 1338; x_wconf 82' lang='lat' dir='ltr'>Allecto</span> <span class='ocrx_word' id='word_1_130' title='bbox 297 1301 335 1336; x_wconf 91' lang='lat' dir='ltr'>in</span> <span class='ocrx_word' id='word_1_131' title='bbox 366 1300 540 1337; x_wconf 84' lang='lat' dir='ltr'>Teucros</span> <span class='ocrx_word' id='word_1_132' title='bbox 572 1298 710 1347; x_wconf 84' lang='lat' dir='ltr'>Stygiis</span> <span class='ocrx_word' id='word_1_133' title='bbox 741 1312 781 1336; x_wconf 89' lang='lat' dir='ltr'>se</span> <span class='ocrx_word' id='word_1_134' title='bbox 812 1301 977 1338; x_wconf 86' lang='lat' dir='ltr'>eoncitat</span> <span class='ocrx_word' id='word_1_135' title='bbox 1007 1301 1084 1338; x_wconf 86' lang='lat' dir='ltr'>alis.</span> 
     </span>
     <span class='ocr_line' id='line_1_22' title="bbox 117 1360 1161 1410; baseline 0 -11"><span class='ocrx_word' id='word_1_136' title='bbox 117 1364 209 1399; x_wconf 87' lang='lat' dir='ltr'>Arte</span> <span class='ocrx_word' id='word_1_137' title='bbox 240 1374 339 1399; x_wconf 91' lang='lat' dir='ltr'>nova</span> <span class='ocrx_word' id='word_1_138' title='bbox 368 1360 561 1410; x_wconf 80' lang='lat' dir='ltr'>speculata</span> <span class='ocrx_word' id='word_1_139' title='bbox 589 1360 728 1405; x_wconf 88' lang='lat' dir='ltr'>locurn,</span> <span class='ocrx_word' id='word_1_140' title='bbox 760 1373 837 1409; x_wconf 91' lang='lat' dir='ltr'>quo</span> <span class='ocrx_word' id='word_1_141' title='bbox 867 1361 975 1398; x_wconf 91' lang='lat' dir='ltr'>litore</span> <span class='ocrx_word' id='word_1_142' title='bbox 1004 1361 1161 1410; x_wconf 87' lang='lat' dir='ltr'>pulcher</span> 
     </span>
     <span class='ocr_line' id='line_1_23' title="bbox 117 1419 946 1468; baseline -0.001 -10"><span class='ocrx_word' id='word_1_143' title='bbox 117 1421 260 1458; x_wconf 86' lang='lat' dir='ltr'>insidiis</span> <span class='ocrx_word' id='word_1_144' title='bbox 289 1432 477 1468; x_wconf 89' lang='lat' dir='ltr'>cursuque</span> <span class='ocrx_word' id='word_1_145' title='bbox 506 1419 602 1456; x_wconf 86' lang='lat' dir='ltr'>feras</span> <span class='ocrx_word' id='word_1_146' title='bbox 632 1420 800 1468; x_wconf 76' lang='lat' dir='ltr'>agitabat</span> <span class='ocrx_word' id='word_1_147' title='bbox 830 1420 946 1465; x_wconf 89' lang='lat' dir='ltr'>Iulus,</span> 
     </span>
     <span class='ocr_line' id='line_1_24' title="bbox 116 1479 1051 1529; baseline 0 -11"><span class='ocrx_word' id='word_1_148' title='bbox 116 1482 176 1518; x_wconf 91' lang='lat' dir='ltr'>hic</span> <span class='ocrx_word' id='word_1_149' title='bbox 206 1481 368 1518; x_wconf 86' lang='lat' dir='ltr'>subitam</span> <span class='ocrx_word' id='word_1_150' title='bbox 398 1480 555 1517; x_wconf 89' lang='lat' dir='ltr'>canibus</span> <span class='ocrx_word' id='word_1_151' title='bbox 584 1480 726 1516; x_wconf 88' lang='lat' dir='ltr'>rabiem</span> <span class='ocrx_word' id='word_1_152' title='bbox 757 1479 916 1528; x_wconf 79' lang='lat' dir='ltr'>Cocytia</span> <span class='ocrx_word' id='word_1_153' title='bbox 945 1481 1051 1529; x_wconf 82' lang='lat' dir='ltr'>virgo</span> 
     </span>
     <span class='ocr_line' id='line_1_25' title="bbox 115 1539 945 1587; baseline -0.002 -9"><span class='ocrx_word' id='word_1_154' title='bbox 115 1540 243 1578; x_wconf 88' lang='lat' dir='ltr'>obiicit</span> <span class='ocrx_word' id='word_1_155' title='bbox 273 1546 308 1577; x_wconf 90' lang='lat' dir='ltr'>et</span> <span class='ocrx_word' id='word_1_156' title='bbox 337 1546 429 1576; x_wconf 87' lang='lat' dir='ltr'>noto</span> <span class='ocrx_word' id='word_1_157' title='bbox 459 1551 569 1575; x_wconf 86' lang='lat' dir='ltr'>nares</span> <span class='ocrx_word' id='word_1_158' title='bbox 599 1539 785 1587; x_wconf 82' lang='lat' dir='ltr'>contingit</span> <span class='ocrx_word' id='word_1_159' title='bbox 816 1539 945 1584; x_wconf 78' lang='lat' dir='ltr'>odore,</span> 
     </span>
     <span class='ocr_line' id='line_1_26' title="bbox 115 1599 1243 1647; baseline -0.002 -9"><span class='ocrx_word' id='word_1_160' title='bbox 115 1608 155 1638; x_wconf 90' lang='lat' dir='ltr'>ut</span> <span class='ocrx_word' id='word_1_161' title='bbox 183 1611 335 1637; x_wconf 88' lang='lat' dir='ltr'>cervum</span> <span class='ocrx_word' id='word_1_162' title='bbox 365 1599 542 1636; x_wconf 87' lang='lat' dir='ltr'>ardentes</span> <span class='ocrx_word' id='word_1_163' title='bbox 571 1605 728 1647; x_wconf 84' lang='lat' dir='ltr'>agerent</span> <span class='ocrx_word' id='word_1_164' title='bbox 744 1611 755 1643; x_wconf 76' lang='lat'><em>3</em></span> <span class='ocrx_word' id='word_1_165' title='bbox 795 1611 892 1647; x_wconf 85' lang='lat' dir='ltr'>quae</span> <span class='ocrx_word' id='word_1_166' title='bbox 922 1599 1043 1647; x_wconf 87' lang='lat' dir='ltr'>prima</span> <span class='ocrx_word' id='word_1_167' title='bbox 1071 1600 1243 1636; x_wconf 85' lang='lat' dir='ltr'>laborum</span> 
     </span>
     <span class='ocr_line' id='line_1_27' title="bbox 115 1657 1123 1706; baseline -0.002 -9"><span class='ocrx_word' id='word_1_168' title='bbox 115 1672 231 1697; x_wconf 85' lang='lat' dir='ltr'>causa</span> <span class='ocrx_word' id='word_1_169' title='bbox 259 1659 327 1695; x_wconf 87' lang='lat' dir='ltr'>suit</span> <span class='ocrx_word' id='word_1_170' title='bbox 355 1658 532 1705; x_wconf 90' lang='lat' dir='ltr'>belloque</span> <span class='ocrx_word' id='word_1_171' title='bbox 562 1657 710 1694; x_wconf 89' lang='lat' dir='ltr'>animos</span> <span class='ocrx_word' id='word_1_172' title='bbox 739 1658 913 1694; x_wconf 86' lang='lat' dir='ltr'>accendit</span> <span class='ocrx_word' id='word_1_173' title='bbox 943 1665 1123 1706; x_wconf 85' lang='lat' dir='ltr'>agrestes.</span> 
     </span>
     <span class='ocr_line' id='line_1_28' title="bbox 116 1717 1202 1766; baseline -0.002 -10"><span class='ocrx_word' id='word_1_174' title='bbox 116 1719 258 1756; x_wconf 87' lang='lat' dir='ltr'>Cervus</span> <span class='ocrx_word' id='word_1_175' title='bbox 287 1726 366 1755; x_wconf 88' lang='lat' dir='ltr'>erat</span> <span class='ocrx_word' id='word_1_176' title='bbox 395 1717 517 1755; x_wconf 88' lang='lat' dir='ltr'>forma</span> <span class='ocrx_word' id='word_1_177' title='bbox 545 1717 749 1765; x_wconf 78' lang='lat' dir='ltr'>praestanti</span> <span class='ocrx_word' id='word_1_178' title='bbox 780 1724 816 1754; x_wconf 89' lang='lat' dir='ltr'>et</span> <span class='ocrx_word' id='word_1_179' title='bbox 846 1718 1026 1754; x_wconf 89' lang='lat' dir='ltr'>cornibus</span> <span class='ocrx_word' id='word_1_180' title='bbox 1055 1718 1202 1766; x_wconf 81' lang='lat' dir='ltr'>ingens,</span> 
     </span>
     <span class='ocr_line' id='line_1_29' title="bbox 114 1776 1162 1827; baseline -0.002 -12"><span class='ocrx_word' id='word_1_181' title='bbox 114 1778 324 1827; x_wconf 86' lang='lat' dir='ltr'>Tyrrhidae</span> <span class='ocrx_word' id='word_1_182' title='bbox 354 1777 459 1825; x_wconf 88' lang='lat' dir='ltr'>pueri</span> <span class='ocrx_word' id='word_1_183' title='bbox 489 1788 603 1824; x_wconf 88' lang='lat' dir='ltr'>quem</span> <span class='ocrx_word' id='word_1_184' title='bbox 633 1776 761 1812; x_wconf 83' lang='lat' dir='ltr'>matris</span> <span class='ocrx_word' id='word_1_185' title='bbox 790 1777 838 1812; x_wconf 87' lang='lat' dir='ltr'>ab</span> <span class='ocrx_word' id='word_1_186' title='bbox 867 1777 982 1813; x_wconf 91' lang='lat' dir='ltr'>ubere</span> <span class='ocrx_word' id='word_1_187' title='bbox 1012 1785 1162 1825; x_wconf 85' lang='lat' dir='ltr'>raptum</span> 
     </span>
     <span class='ocr_line' id='line_1_30' title="bbox 112 1836 1111 1885; baseline -0.002 -10"><span class='ocrx_word' id='word_1_188' title='bbox 112 1839 304 1875; x_wconf 88' lang='lat' dir='ltr'>nutribant</span> <span class='ocrx_word' id='word_1_189' title='bbox 333 1836 579 1885; x_wconf 89' lang='lat' dir='ltr'>Tyrrhusque</span> <span class='ocrx_word' id='word_1_190' title='bbox 608 1842 725 1884; x_wconf 87' lang='lat' dir='ltr'>pater,</span> <span class='ocrx_word' id='word_1_191' title='bbox 757 1836 817 1872; x_wconf 92' lang='lat' dir='ltr'>cui</span> <span class='ocrx_word' id='word_1_192' title='bbox 845 1837 949 1884; x_wconf 82' lang='lat' dir='ltr'>regia</span> <span class='ocrx_word' id='word_1_193' title='bbox 978 1843 1111 1884; x_wconf 88' lang='lat' dir='ltr'>parent</span> 
     </span>
     <span class='ocr_line' id='line_1_31' title="bbox 112 1894 992 1943; baseline -0.005 -9"><span class='ocrx_word' id='word_1_194' title='bbox 112 1904 285 1934; x_wconf 86' lang='lat' dir='ltr'>armenta</span> <span class='ocrx_word' id='word_1_195' title='bbox 314 1903 350 1933; x_wconf 92' lang='lat' dir='ltr'>et</span> <span class='ocrx_word' id='word_1_196' title='bbox 380 1895 451 1931; x_wconf 86' lang='lat' dir='ltr'>late</span> <span class='ocrx_word' id='word_1_197' title='bbox 482 1895 655 1931; x_wconf 85' lang='lat' dir='ltr'>custodia</span> <span class='ocrx_word' id='word_1_198' title='bbox 685 1894 827 1931; x_wconf 87' lang='lat' dir='ltr'>credita</span> <span class='ocrx_word' id='word_1_199' title='bbox 856 1896 992 1943; x_wconf 89' lang='lat' dir='ltr'>campi.</span> 
     </span>
     <span class='ocr_line' id='line_1_32' title="bbox 111 1953 1047 2003; baseline -0.003 -11"><span class='ocrx_word' id='word_1_200' title='bbox 111 1957 318 1992; x_wconf 89' lang='lat' dir='ltr'>Assuetum</span> <span class='ocrx_word' id='word_1_201' title='bbox 348 1954 515 2003; x_wconf 88' lang='lat' dir='ltr'>imperiis</span> <span class='ocrx_word' id='word_1_202' title='bbox 545 1965 651 1990; x_wconf 90' lang='lat' dir='ltr'>soror</span> <span class='ocrx_word' id='word_1_203' title='bbox 680 1954 785 1990; x_wconf 90' lang='lat' dir='ltr'>omni</span> <span class='ocrx_word' id='word_1_204' title='bbox 817 1953 928 1990; x_wconf 86' lang='lat' dir='ltr'>Silvia</span> <span class='ocrx_word' id='word_1_205' title='bbox 958 1965 1047 1990; x_wconf 89' lang='lat' dir='ltr'>cura</span> 
     </span>
     <span class='ocr_line' id='line_1_33' title="bbox 112 2014 996 2052; baseline -0.002 -1"><span class='ocrx_word' id='word_1_206' title='bbox 112 2015 291 2052; x_wconf 88' lang='lat' dir='ltr'>mollibus</span> <span class='ocrx_word' id='word_1_207' title='bbox 322 2015 494 2050; x_wconf 80' lang='lat' dir='ltr'>intexens</span> <span class='ocrx_word' id='word_1_208' title='bbox 524 2014 685 2050; x_wconf 89' lang='lat' dir='ltr'>ornabat</span> <span class='ocrx_word' id='word_1_209' title='bbox 715 2025 860 2049; x_wconf 90' lang='lat' dir='ltr'>cornua</span> <span class='ocrx_word' id='word_1_210' title='bbox 889 2014 996 2049; x_wconf 87' lang='lat' dir='ltr'>sertis</span> 
     </span>
     <span class='ocr_line' id='line_1_34' title="bbox 109 2071 1107 2123; baseline -0.003 -12"><span class='ocrx_word' id='word_1_211' title='bbox 109 2075 364 2123; x_wconf 90' lang='lat' dir='ltr'>pectebatque</span> <span class='ocrx_word' id='word_1_212' title='bbox 393 2073 514 2109; x_wconf 89' lang='lat' dir='ltr'>ferum</span> <span class='ocrx_word' id='word_1_213' title='bbox 543 2084 717 2121; x_wconf 89' lang='lat' dir='ltr'>puroque</span> <span class='ocrx_word' id='word_1_214' title='bbox 747 2073 786 2108; x_wconf 91' lang='lat' dir='ltr'>in</span> <span class='ocrx_word' id='word_1_215' title='bbox 816 2071 919 2108; x_wconf 87' lang='lat' dir='ltr'>fonte</span> <span class='ocrx_word' id='word_1_216' title='bbox 949 2072 1107 2108; x_wconf 86' lang='lat' dir='ltr'>lavabat.</span> 
     </span>
     <span class='ocr_line' id='line_1_35' title="bbox 110 2130 1162 2181; baseline -0.003 -11"><span class='ocrx_word' id='word_1_217' title='bbox 110 2134 188 2177; x_wconf 86' lang='lat' dir='ltr'>Ille,</span> <span class='ocrx_word' id='word_1_218' title='bbox 219 2146 374 2170; x_wconf 88' lang='lat' dir='ltr'>manum</span> <span class='ocrx_word' id='word_1_219' title='bbox 405 2133 553 2181; x_wconf 87' lang='lat' dir='ltr'>patiens</span> <span class='ocrx_word' id='word_1_220' title='bbox 582 2143 814 2180; x_wconf 87' lang='lat' dir='ltr'>mensaeque</span> <span class='ocrx_word' id='word_1_221' title='bbox 843 2138 1016 2168; x_wconf 89' lang='lat' dir='ltr'>assuetus</span> <span class='ocrx_word' id='word_1_222' title='bbox 1045 2130 1162 2173; x_wconf 83' lang='lat' dir='ltr'>herili,</span> 
     </span>
     <span class='ocr_line' id='line_1_36' title="bbox 109 2191 978 2239; baseline -0.003 -10"><span class='ocrx_word' id='word_1_223' title='bbox 109 2194 256 2230; x_wconf 89' lang='lat' dir='ltr'>errabat</span> <span class='ocrx_word' id='word_1_224' title='bbox 287 2193 386 2229; x_wconf 86' lang='lat' dir='ltr'>silvis</span> <span class='ocrx_word' id='word_1_225' title='bbox 417 2203 620 2239; x_wconf 87' lang='lat' dir='ltr'>rursusque</span> <span class='ocrx_word' id='word_1_226' title='bbox 650 2191 698 2228; x_wconf 91' lang='lat' dir='ltr'>ad</span> <span class='ocrx_word' id='word_1_227' title='bbox 727 2191 857 2227; x_wconf 87' lang='lat' dir='ltr'>limina</span> <span class='ocrx_word' id='word_1_228' title='bbox 886 2197 978 2226; x_wconf 89' lang='lat' dir='ltr'>nota</span> 
     </span>
     <span class='ocr_line' id='line_1_37' title="bbox 109 2249 1093 2302; baseline -0.004 -12"><span class='ocrx_word' id='word_1_229' title='bbox 109 2254 190 2302; x_wconf 89' lang='lat' dir='ltr'>ipse</span> <span class='ocrx_word' id='word_1_230' title='bbox 221 2252 380 2289; x_wconf 88' lang='lat' dir='ltr'>domurn</span> <span class='ocrx_word' id='word_1_231' title='bbox 410 2264 492 2288; x_wconf 89' lang='lat' dir='ltr'>sera</span> <span class='ocrx_word' id='word_1_232' title='bbox 522 2251 693 2299; x_wconf 89' lang='lat' dir='ltr'>quamvis</span> <span class='ocrx_word' id='word_1_233' title='bbox 725 2263 765 2286; x_wconf 89' lang='lat' dir='ltr'>se</span> <span class='ocrx_word' id='word_1_234' title='bbox 795 2256 908 2286; x_wconf 89' lang='lat' dir='ltr'>nocte</span> <span class='ocrx_word' id='word_1_235' title='bbox 938 2249 1093 2287; x_wconf 86' lang='lat' dir='ltr'>ferebat.</span> 
     </span>
     <span class='ocr_line' id='line_1_38' title="bbox 110 2308 1093 2359; baseline -0.005 -10"><span class='ocrx_word' id='word_1_236' title='bbox 110 2312 228 2349; x_wconf 92' lang='lat' dir='ltr'>Hunc</span> <span class='ocrx_word' id='word_1_237' title='bbox 257 2311 389 2359; x_wconf 89' lang='lat' dir='ltr'>procul</span> <span class='ocrx_word' id='word_1_238' title='bbox 420 2318 607 2346; x_wconf 88' lang='lat' dir='ltr'>errantem</span> <span class='ocrx_word' id='word_1_239' title='bbox 636 2309 790 2346; x_wconf 86' lang='lat' dir='ltr'>rabidae</span> <span class='ocrx_word' id='word_1_240' title='bbox 820 2310 990 2346; x_wconf 88' lang='lat' dir='ltr'>venantis</span> <span class='ocrx_word' id='word_1_241' title='bbox 1022 2308 1093 2345; x_wconf 92' lang='lat' dir='ltr'>Iuli</span> 
     </span>
     <span class='ocr_line' id='line_1_39' title="bbox 109 2367 1095 2415; baseline -0.005 -6"><span class='ocrx_word' id='word_1_242' title='bbox 109 2383 352 2409; x_wconf 87' lang='lat' dir='ltr'>commovere</span> <span class='ocrx_word' id='word_1_243' title='bbox 382 2382 506 2415; x_wconf 89' lang='lat' dir='ltr'>canes,</span> <span class='ocrx_word' id='word_1_244' title='bbox 538 2369 651 2406; x_wconf 89' lang='lat' dir='ltr'>fluvio</span> <span class='ocrx_word' id='word_1_245' title='bbox 682 2381 769 2405; x_wconf 89' lang='lat' dir='ltr'>cum</span> <span class='ocrx_word' id='word_1_246' title='bbox 801 2369 895 2405; x_wconf 84' lang='lat' dir='ltr'>sorte</span> <span class='ocrx_word' id='word_1_247' title='bbox 925 2367 1095 2405; x_wconf 91' lang='lat' dir='ltr'>secundo</span> 
     </span>
     <span class='ocr_line' id='line_1_40' title="bbox 109 2427 1026 2478; baseline -0.004 -10"><span class='ocrx_word' id='word_1_248' title='bbox 109 2430 288 2468; x_wconf 87' lang='lat' dir='ltr'>deflueret</span> <span class='ocrx_word' id='word_1_249' title='bbox 317 2430 475 2478; x_wconf 81' lang='lat' dir='ltr'>ripaque</span> <span class='ocrx_word' id='word_1_250' title='bbox 505 2435 631 2466; x_wconf 88' lang='lat' dir='ltr'>aestus</span> <span class='ocrx_word' id='word_1_251' title='bbox 661 2429 846 2465; x_wconf 80' lang='lat' dir='ltr'>viridante</span> <span class='ocrx_word' id='word_1_252' title='bbox 875 2427 1026 2464; x_wconf 85' lang='lat' dir='ltr'>levaret.</span> 
     </span>
    </p>
   </div>
   <div class='ocr_carea' id='block_1_3' title="bbox 1447 360 1510 401">
    <p class='ocr_par' dir='ltr' id='par_1_4' title="bbox 1447 360 1510 401">
     <span class='ocr_line' id='line_1_41' title="bbox 1447 360 1510 401; baseline 0 -10"><span class='ocrx_word' id='word_1_253' title='bbox 1447 360 1510 401; x_wconf 86' lang='lat'>460</span> 
     </span>
    </p>
   </div>
   <div class='ocr_carea' id='block_1_4' title="bbox 1447 653 1508 694">
    <p class='ocr_par' dir='ltr' id='par_1_5' title="bbox 1447 653 1508 694">
     <span class='ocr_line' id='line_1_42' title="bbox 1447 653 1508 694; baseline 0 0"><span class='ocrx_word' id='word_1_254' title='bbox 1447 653 1508 694; x_wconf 86' lang='lat'>465</span> 
     </span>
    </p>
   </div>
   <div class='ocr_carea' id='block_1_5' title="bbox 1444 956 1508 990">
    <p class='ocr_par' dir='ltr' id='par_1_6' title="bbox 1444 956 1508 990">
     <span class='ocr_line' id='line_1_43' title="bbox 1444 956 1508 990; baseline 0.047 -3"><span class='ocrx_word' id='word_1_255' title='bbox 1444 956 1508 990; x_wconf 84' lang='lat'>470</span> 
     </span>
    </p>
   </div>
   <div class='ocr_carea' id='block_1_6' title="bbox 1440 1545 1505 1585">
    <p class='ocr_par' dir='ltr' id='par_1_7' title="bbox 1440 1545 1505 1585">
     <span class='ocr_line' id='line_1_44' title="bbox 1440 1545 1505 1585; baseline 0.015 -11"><span class='ocrx_word' id='word_1_256' title='bbox 1440 1545 1505 1585; x_wconf 85' lang='lat'>480</span> 
     </span>
    </p>
   </div>
   <div class='ocr_carea' id='block_1_7' title="bbox 1437 1842 1499 1881">
    <p class='ocr_par' dir='ltr' id='par_1_8' title="bbox 1437 1842 1499 1881">
     <span class='ocr_line' id='line_1_45' title="bbox 1437 1842 1499 1881; baseline 0.016 -1"><span class='ocrx_word' id='word_1_257' title='bbox 1437 1842 1499 1881; x_wconf 81' lang='lat'>485</span> 
     </span>
    </p>
   </div>
   <div class='ocr_carea' id='block_1_8' title="bbox 1436 2146 1500 2178">
    <p class='ocr_par' dir='ltr' id='par_1_9' title="bbox 1436 2146 1500 2178">
     <span class='ocr_line' id='line_1_46' title="bbox 1436 2146 1500 2178; baseline -0.016 0"><span class='ocrx_word' id='word_1_258' title='bbox 1436 2146 1500 2178; x_wconf 90' lang='lat'>490</span> 
     </span>
    </p>
   </div>
   <div class='ocr_carea' id='block_1_9' title="bbox 1431 2441 1494 2474">
    <p class='ocr_par' dir='ltr' id='par_1_10' title="bbox 1431 2441 1494 2474">
     <span class='ocr_line' id='line_1_47' title="bbox 1431 2441 1494 2474; baseline 0.016 -2"><span class='ocrx_word' id='word_1_259' title='bbox 1431 2441 1494 2474; x_wconf 83' lang='lat'>495</span> 
     </span>
    </p>
   </div>
  </div>
 </body>
</html>
