1669 2737
548 79 716 115 LIBER
756 80 818 116 [Ἰ.
851 74 1059 128 692-769.
1426 85 1507 128 205

118 188 338 235 seminibus,
367 196 554 238 quantum
583 202 665 228 non
695 202 858 239 corpora
887 190 1004 227 noxia
1034 190 1184 227 tardant

118 249 330 298 terrenique
358 248 539 286 hebetant
567 257 668 287 artus
698 249 1004 297 moribundaque
1034 251 1218 286 membra.

118 306 224 344 Hinc
251 314 426 345 metuunt
455 309 699 357 cupiuntque,
731 308 861 345 dolent
890 309 1147 357 gaudentque,
1179 319 1305 357 neque
1336 320 1444 345 auras

118 366 324 415 dispiciunt
352 367 504 405 clausae
534 369 699 405 tenebris
729 375 766 405 et
795 380 947 405 carcere
978 380 1109 405 caeco.

118 424 224 471 Qm'n
252 433 289 463 et
319 438 498 475 supremo
529 439 617 465 cum
646 427 790 464 lumine
817 428 893 464 vita
921 427 1079 476 reliquit,
1447 441 1505 474 755

116 496 197 522 non
226 491 356 522 tamen
384 498 501 524 omne
529 486 673 523 malum
702 486 849 524 miseris
879 499 951 524 nec
980 486 1149 524 funditus
1179 498 1315 523 omnes

116 555 326 593 corporeae
354 546 546 584 excedunt
574 553 713 595 pestes,
743 546 972 594 penitusque
1002 558 1159 584 necesse
1189 553 1247 582 est

115 604 235 641 multa
263 604 328 642 diu
357 613 536 643 concreta
564 606 690 643 modis
719 606 930 643 inolescere
959 607 1073 643 miris.

115 662 222 712 Ergo
252 673 477 702 exercentur
505 666 641 714 poenis
671 673 919 714 veterumque
948 665 1136 703 malorum

117 723 302 772 supplicia
331 724 567 773 expendunt.
624 725 732 762 Aliae
764 725 983 773 panduntur
1012 725 1144 762 inanes
1448 739 1508 770 540

115 795 327 832 suspensae
357 785 406 821 ad
435 792 581 830 ventos,
613 786 694 823 aliis
724 786 794 822 sub
824 786 973 834 gurgite
1004 794 1111 822 vasto

115 842 299 880 infectum
328 843 463 881 eluitur
493 845 616 882 scelus
646 852 709 882 aut
740 845 906 882 exuritur
935 846 1038 894 igni:

116 902 276 951 quisque
305 915 396 940 suos
427 904 593 953 patimur
622 917 778 949 manes;
820 905 959 942 exinde
988 918 1056 954 per
1086 905 1257 954 amplum

116 961 299 999 mittimur
328 962 501 1012 Elysium
530 971 567 1000 et
594 964 708 1012 pauci
738 964 837 1001 laeta
866 976 953 1000 arva
983 971 1178 1010 tenemus;

118 1021 243 1058 donec
271 1021 389 1071 longa
418 1022 509 1068 dies,
540 1023 709 1072 perfecto
739 1024 922 1072 temporis
952 1025 1054 1068 orbe,
1447 1039 1504 1071 545

117 1087 335 1119 concretam
364 1082 504 1119 exemit
534 1082 659 1119 labem
691 1094 904 1132 purumque
933 1083 1108 1132 relinquit

117 1140 326 1178 aetherium
355 1153 512 1179 sensum
541 1148 656 1191 atque
685 1142 788 1179 aurai
820 1142 1000 1190 simplicis
1030 1144 1170 1191 ignem.

119 1198 204 1236 Has
232 1212 380 1246 omnes,
411 1202 476 1238 ubi
505 1201 606 1238 mille
635 1209 758 1238 rotam
788 1201 937 1238 volvere
966 1214 1034 1250 per
1064 1215 1195 1247 annos,

117 1258 330 1296 Lethaeum
359 1260 408 1297 ad
436 1260 592 1297 fluvium
622 1261 715 1298 deus
744 1269 878 1297 evocat
907 1262 1060 1309 agmine
1089 1273 1244 1310 magno,

117 1318 259 1356 scilicet
287 1319 533 1357 immemores
563 1331 700 1369 supera
728 1327 768 1356 ut
798 1332 969 1357 convexa
999 1322 1163 1358 revisant
1445 1336 1507 1369 750

116 1389 245 1416 rursus
275 1385 311 1416 et
339 1379 523 1428 incipiant
551 1379 591 1416 in
621 1391 783 1427 corpora
812 1379 905 1416 velle
934 1380 1093 1417 reverti.'

170 1436 328 1475 Dixerat
355 1438 554 1483 Anchises,
585 1446 794 1488 natumque
823 1451 976 1487 unaque
1008 1440 1188 1489 Sibyllam

117 1505 328 1535 conventus
355 1498 466 1535 trahit
494 1498 534 1535 in
563 1497 711 1535 medios
740 1499 966 1548 turbamque
997 1508 1212 1545 sonantem,

117 1562 155 1593 et
183 1556 372 1594 tumulum
402 1559 512 1607 capit,
544 1558 646 1594 unde
675 1569 811 1595 omnes
841 1558 960 1607 longo
991 1558 1124 1596 ordine
1154 1567 1286 1608 posset

117 1615 298 1654 adversos
325 1617 452 1666 legere
482 1625 519 1655 et
547 1618 769 1654 venientum
799 1617 944 1654 discere
973 1618 1108 1656 vultus.

172 1673 312 1713 ‘Nunc
341 1688 424 1724 age,
454 1676 693 1713 Dardaniam
722 1676 870 1724 prolem
899 1689 997 1725 quae
1027 1677 1166 1714 deinde
1196 1686 1376 1728 sequatur

117 1733 248 1782 gloria,
278 1735 343 1784 qui
372 1742 553 1773 maneant
582 1735 678 1772 Itala
707 1735 754 1772 de
784 1743 899 1784 gente
929 1744 1092 1784 nepotes

117 1792 276 1830 illustres
305 1794 451 1831 animas
481 1801 731 1843 nostrumque
760 1794 800 1830 in
828 1806 973 1831 nomen
1002 1795 1117 1832 ituras

117 1852 321 1900 expediam
350 1853 458 1891 dictis
487 1860 524 1891 et
553 1861 589 1891 te
617 1860 682 1890 tua
710 1853 787 1890 fata
817 1853 979 1890 docebo.

119 1911 197 1957 Ille,
226 1912 342 1958 vides,
371 1925 468 1961 pura
496 1913 641 1950 iuvenis
671 1913 736 1962 qui
765 1913 894 1949 nititur
922 1913 1040 1958 hasta,
1448 1922 1508 1961 760

118 1973 294 2022 proxima
322 1980 423 2011 sorte
451 1981 555 2011 tenet
583 1974 677 2012 lucis
706 1974 801 2018 loca,
831 1974 976 2022 primus
1006 1974 1055 2011 ad
1085 1986 1196 2012 auras

119 2031 303 2070 aetherias
331 2032 429 2084 Italv
458 2033 688 2070 commixtus
718 2033 905 2081 sanguine
935 2040 1075 2082 surget,

121 2091 266 2136 Silvius,
295 2092 491 2130 Albanum
518 2105 675 2137 nomen,
705 2100 769 2129 tua
797 2100 975 2141 postuma
1004 2093 1144 2141 proles,

119 2164 236 2201 quem
263 2153 330 2190 tibi
358 2153 546 2202 longaevo
577 2165 704 2190 serum
733 2152 892 2189 Law‘nia
922 2154 1092 2190 coniunx

118 2211 255 2248 educet
284 2211 384 2249 silvis
413 2224 546 2261 regem
573 2223 786 2260 regumque
815 2220 1025 2260 parentem,
1446 2220 1505 2260 765

119 2272 222 2309 unde
250 2285 373 2322 genus
395 2272 534 2322 Longa
562 2279 736 2310 nostrum
765 2272 1023 2310 dominabitur
1051 2273 1161 2312 Alba.

119 2330 322 2369 Proximus
351 2331 411 2368 ille
440 2331 595 2377 Procas,
625 2331 820 2368 Troianae
849 2331 970 2380 gloria
999 2334 1134 2381 gentis,

120 2399 158 2429 et
187 2391 314 2442 Capys
341 2398 378 2429 et
407 2391 587 2429 Numitor
616 2399 652 2429 et
681 2392 745 2440 qui
775 2399 812 2429 te
840 2393 998 2430 nomine
1026 2393 1157 2432 reddet

121 2451 255 2491 Silvius
283 2452 448 2498 Aeneas,
479 2452 620 2501 pariter
648 2452 788 2501 pietate
818 2452 876 2490 vel
905 2453 1019 2491 armis
