1669 2737
129 71 209 124 326
707 78 933 116 AENEIS.

128 185 306 223 convenit
334 184 501 232 Evandri
530 187 648 225 victos
677 186 872 225 discedere
900 186 948 224 ad
977 187 1123 234 urbem,

127 245 236 282 cedet
265 245 368 282 Iulus
398 247 508 295 agris,
538 259 610 284 nec
640 254 728 296 post
757 259 863 284 arma
891 246 966 284 ulla
995 247 1153 284 rebelles

125 304 332 341 Aeneadae
361 305 522 343 referent
550 305 693 343 ferrove
722 306 816 343 haec
847 319 964 355 regna
993 306 1192 343 lacessent.

127 365 195 402 Sin
223 372 397 401 nostrum
426 365 597 402 annuerit
627 366 738 402 nobis
767 365 937 403 Victoria
966 365 1132 403 Martem

127 423 184 474 (ut
212 424 339 473 potius
367 435 452 461 reor
481 432 518 461 et
546 425 672 472 potius
701 424 738 460 di
768 425 923 462 numine
953 423 1131 474 firment),

125 495 204 520 non
233 495 308 531 ego
337 495 409 519 nec
439 482 601 520 Teucris
630 482 747 520 Italos
777 496 909 532 parere
938 484 1079 520 iubebo

125 554 196 580 nec
225 542 318 578 mihi
347 554 467 590 regna
494 550 605 590 peto:
645 542 798 590 paribus
827 554 869 579 se
898 542 1045 591 legibus
1075 541 1210 579 ambae

124 602 284 639 invictae
313 607 447 650 gentes
478 607 629 637 aeterna
658 601 695 637 in
726 600 879 638 foedera
908 602 1068 639 mittant.

125 661 241 699 Sacra
270 661 441 709 deosque
471 659 594 706 dab0;
635 672 743 697 socer
772 673 876 697 arma
905 660 1062 697 Latinus
1092 660 1244 705 habeto,

123 723 326 771 imperium
355 720 540 758 sollemne
570 731 679 757 socer
695 732 706 766 3
745 720 835 756 mihi
865 721 1019 758 moenia
1048 720 1190 757 Teucri

124 782 366 826 constituent,
396 780 554 828 urbique
585 779 688 817 dabit
717 778 875 816 Lavinia
904 777 1071 816 nomen?

124 840 186 878 Sic
215 841 317 890 prior
347 840 520 885 Aeneas;
564 840 731 888 sequitur
761 838 813 876 sic
844 838 983 876 deinde
1012 838 1173 875 Latinus

123 901 334 949 suspiciens
365 899 526 944 caelum,
558 900 755 948 tenditque
786 899 834 936 ad
864 898 985 935 sidera
1015 898 1211 935 dextram:

123 960 258 997 ‘Haec
287 959 434 1003 eadem,
466 958 611 1002 Aenea,
641 965 779 995 terram
809 970 913 994 mare
945 956 1070 995 sidera
1101 958 1183 994 iuro

121 1019 371 1066 Latonaeque
401 1029 522 1065 genus
554 1017 694 1065 duplex
724 1015 937 1067 Ianumque
966 1015 1175 1053 bifrontem

121 1079 274 1126 vimque
305 1076 420 1113 deum
450 1075 638 1113 infernam
667 1082 703 1112 et
733 1076 815 1112 duri
845 1075 1006 1113 sacraria
1033 1074 1156 1121 Ditis3

122 1136 249 1174 audiat
278 1136 373 1173 haec
404 1134 575 1178 Genitor,
607 1135 670 1183 qui
700 1134 855 1171 foedera
884 1133 1041 1172 fulmine
1072 1133 1207 1171 sancit.

122 1197 263 1246 Tango
294 1208 387 1241 aras,
419 1194 568 1231 medios
597 1195 706 1243 ignes
736 1202 771 1231 et
801 1195 959 1232 numina
987 1201 1128 1232 testor:

121 1256 225 1293 nulla
254 1257 336 1294 dies
365 1267 502 1304 pacem
531 1253 631 1290 hanc
660 1252 764 1290 Italis
794 1265 865 1290 nee
894 1253 1049 1291 foedera
1076 1258 1237 1301 rumpet,

121 1328 199 1365 quo
228 1327 288 1352 res
319 1326 483 1363 cumque
513 1312 673 1358 cadent;
714 1324 785 1349 nec
814 1324 876 1349 me
905 1313 959 1349 vis
989 1312 1065 1349 ulla
1093 1312 1285 1349 volentem

122 1383 273 1421 avertet,
303 1387 395 1420 non,
426 1375 457 1413 si
487 1373 656 1411 tellurem
685 1372 857 1409 effundat
885 1372 923 1408 in
954 1373 1077 1410 undas

122 1437 261 1474 diluvio
292 1437 457 1473 miscens
487 1434 711 1482 caelumque
741 1432 780 1468 in
810 1432 970 1469 Tartara
999 1432 1139 1478 solvat;

123 1504 163 1533 ut
193 1502 386 1544 sceptrum
416 1492 510 1531 hoc'
541 1492 689 1543 (dextra
719 1499 912 1540 sceptrum
942 1503 1032 1528 nam
1062 1491 1157 1529 forte
1187 1490 1358 1541 gerebat)

123 1559 359 1603 ‘numquam
387 1552 524 1590 fronde
553 1552 623 1588 levi
653 1551 785 1588 fundet
815 1550 976 1599 virgulta
1003 1562 1075 1588 nec
1103 1551 1269 1596 umbras,

122 1625 210 1651 cum
241 1612 359 1650 semel
387 1611 426 1648 in
456 1610 555 1647 silvis
585 1611 663 1646 imo
693 1609 740 1647 de
770 1610 885 1658 stirpe
913 1609 1077 1647 recisum

121 1680 242 1709 matre
272 1677 373 1709 caret
401 1670 604 1719 posuitque
635 1681 767 1706 comas
797 1675 834 1705 et
864 1668 1042 1705 bracchia
1070 1667 1182 1714 ferro,

122 1731 214 1769 olim
244 1731 370 1774 arbos,
400 1741 502 1765 nunc
531 1728 682 1765 artificis
711 1739 849 1764 manus
878 1739 963 1764 aere
994 1727 1134 1764 decoro

120 1790 271 1828 inclusit
299 1789 544 1838 patribusque
574 1787 677 1824 dedit
705 1794 853 1836 gestare
882 1783 1051 1822 Latinis!

122 1849 282 1886 Talibus
312 1849 407 1884 inter
436 1858 476 1884 se
508 1846 709 1883 firmabant
738 1844 891 1882 foedera
921 1843 1028 1881 dictis

122 1915 334 1957 conspectu
362 1909 401 1944 in
430 1907 558 1944 medio
587 1917 801 1955 procerum.
861 1903 966 1940 Tum
997 1903 1065 1940 rite
1094 1910 1262 1940 sacratas

122 1972 160 2006 in
190 1969 387 2005 flammam
415 1967 585 2015 iugulant
611 1965 778 2014 pecudes
808 1969 846 2001 et
873 1963 1016 2001 viscera
1044 1962 1136 1999 vivis

122 2028 283 2076 eripiunt
312 2026 582 2074 cumulantque
611 2024 778 2061 oneratis
808 2023 980 2060 lancibus
1010 2034 1104 2059 aras.

175 2089 228 2124 At
256 2097 343 2123 vero
374 2084 522 2121 Rutulis
552 2085 675 2132 impar
703 2095 748 2120 ea
776 2094 908 2132 pugna
937 2080 1053 2118 videri

121 2147 346 2184 iamdudum
375 2153 412 2183 et
440 2145 544 2182 vario
573 2144 722 2181 misceri
751 2150 907 2192 pectora
936 2149 1067 2188 motu;

122 2214 203 2243 tum
231 2207 366 2255 magis,
397 2212 438 2242 ut
466 2206 622 2253 propius
653 2209 812 2241 cernunt
840 2214 920 2240 non
950 2203 1089 2239 viribus
1118 2202 1262 2251 aequ1s.

121 2265 288 2302 Adiuvat
315 2265 465 2301 incessu
494 2263 605 2300 tacito
635 2274 859 2312 progressus
888 2268 925 2299 et
954 2273 1059 2299 aram

122 2324 342 2373 suppliciter
370 2335 554 2361 venerans
583 2322 751 2359 demisso
781 2322 925 2359 lumine
955 2321 1110 2359 Turnus

122 2383 373 2431 tabentesque
401 2394 523 2431 genae
554 2389 589 2419 et
619 2381 779 2418 iuvenali
809 2382 847 2418 in
877 2392 1037 2429 corpore
1066 2380 1196 2430 pallor.

599 2466 613 2487 2
621 2465 634 2486 2
642 2466 669 2488 1.
719 2456 810 2488 MSS.
833 2456 1027 2498 ‘pubentes'

1452 253 1510 294 185

1450 556 1510 588 190

1448 852 1506 885 195

1448 1147 1508 1170 200

1446 1741 1508 1763 210

1444 2036 1504 2067 215
