1669 2737
562 72 730 107 LIBER
759 72 832 107 IX.
866 65 1046 119 29-106.

109 181 273 219 excutiat
302 181 479 220 Teucros
508 182 606 220 vallo
635 188 750 230 atque
779 179 951 218 effundat
978 180 1017 216 in
1046 191 1200 228 aequor.

110 241 296 286 Classem,
327 255 426 292 quae
456 242 561 280 lateri
591 249 802 279 castrorum
831 241 1011 278 adiuncta
1039 239 1187 283 latebat,

110 301 315 349 aggeribus
344 308 518 350 saeptam
547 302 690 339 circum
719 308 756 338 et
783 300 994 337 fluvialibus
1023 298 1147 342 undis,

110 360 253 397 invadit
282 361 489 411 sociosque
516 361 695 399 incendia
724 361 849 409 poscit
879 367 1051 404 ovanteS‚

110 427 224 468 atque
252 432 413 458 manum
442 422 535 471 pinu
563 421 740 469 flagranti
768 420 932 457 fervidus
961 419 1103 468 implet.

111 479 217 516 Turn
245 491 336 517 vero
366 481 593 518 incumbunt
624 479 749 530 (urget
777 480 993 529 praesentia
1023 477 1177 526 Turni),

111 545 226 588 atque
255 541 382 578 omnis
411 540 556 578 facibus
585 541 708 588 pubes
739 540 950 588 accingitur
978 539 1077 576 atris.

112 597 313 646 Diripuere
341 599 472 645 focos;
513 600 667 649 piceum
697 599 768 635 fert
797 598 943 636 fumida
974 598 1104 635 lumen

112 657 224 694 taeda
252 665 290 694 et
320 659 570 695 commixtam
600 657 798 695 Vulcanus
828 658 877 694 ad
906 665 1006 695 astra
1036 656 1207 694 favillam.

168 714 266 761 Quis
294 715 397 762 deus,
429 728 452 753 ο
482 716 629 761 Musae,
660 724 737 753 tam
768 729 879 754 saeva
907 716 1084 754 incendia
1113 715 1274 752 Teucris

113 775 270 812 avertit?
308 781 437 813 tantos
464 776 605 813 ratibus
636 776 721 825 quis
751 776 895 825 depulit
924 777 1059 825 ignes?

113 833 250 871 Dicite.
308 833 438 872 Prisca
465 834 559 872 fides
589 834 702 880 facto,
734 836 801 872 sed
829 835 932 873 fama
960 835 1152 885 perennis.

115 893 419 943 Tempore-quo
448 894 612 943 primum
643 893 807 943 Phrygia
838 894 1026 931 formabat
1055 895 1092 930 in
1123 894 1191 930 Ida

114 953 270 990 Aeneas
299 953 460 990 classem
489 960 526 990 et
554 953 679 1002 pelagi
709 961 837 1002 petere
866 954 939 991 alta
967 954 1136 1002 parabat,

115 1012 200 1060 ipsa
228 1012 343 1049 deum
373 1012 488 1049 fertur
518 1012 703 1049 Genetrix
734 1012 962 1061 Berecyntia
989 1024 1176 1061 magnum

114 1072 273 1109 vocibus
301 1071 360 1109 his
390 1073 504 1109 affata
532 1072 688 1110 Iovem:
731 1072 822 1118 ‘Da,
854 1079 955 1118 nate,
986 1073 1140 1121 petenti⁷

117 1131 223 1179 quod
250 1137 316 1168 tua
343 1143 432 1169 cara
460 1144 599 1180 parens
628 1132 775 1169 domito
805 1139 840 1169 te
870 1133 994 1181 poscit
1025 1131 1206 1180 Olympo.

116 1189 235 1227 Pinea
263 1190 355 1227 silva
383 1191 484 1236 mihi,
514 1191 655 1229 multos
684 1192 821 1228 dilecta
851 1204 918 1240 per
948 1202 1083 1236 annos,

116 1249 224 1287 lucus
252 1251 292 1287 in
320 1263 406 1288 arce
435 1251 503 1288 fuit
534 1263 693 1296 summa,
725 1264 803 1300 quo
828 1264 935 1288 sacra
965 1250 1147 1295 ferebant,

117 1309 285 1357 nigranti
313 1311 423 1358 picea
453 1311 697 1359 trabibusque
727 1312 912 1348 obscurus
942 1310 1114 1347 acernis:

117 1367 187 1405 has
217 1381 292 1417 ego
322 1369 519 1406 Dardanio
549 1371 686 1414 iuveni,
718 1382 805 1407 cum
837 1370 967 1407 classis
997 1375 1135 1417 egeret,

117 1427 218 1464 laeta
247 1427 335 1465 dedi
346 1440 356 1474 3
399 1440 501 1466 nunc
531 1429 730 1466 sollicitam
759 1429 872 1465 timor
901 1428 1036 1464 anxius
1065 1428 1180 1476 angit.

121 1485 233 1523 Solve
262 1494 386 1524 metus
416 1494 530 1536 atque
558 1487 838 1537 hoc-precibus
867 1488 948 1525 sine
978 1499 1091 1536 posse
1119 1492 1342 1535 parentem:

119 1557 168 1583 ne
198 1558 311 1584 cursu
339 1554 540 1596 quassatae
568 1548 646 1584 ullo
676 1560 750 1584 neu
779 1548 928 1584 turbine
958 1546 1059 1583 venti

119 1606 328 1651 vincantur,
358 1608 477 1656 prosit
507 1608 646 1644 nostris
676 1608 715 1644 in
747 1608 940 1644 montibus
969 1603 1096 1643 ortas.'

119 1664 235 1703 Filius
263 1666 351 1703 huic
379 1674 524 1712 contra,
553 1674 704 1716 torquet
733 1668 797 1716 qui
828 1667 952 1704 sidera
981 1665 1136 1702 mundi:

121 1723 181 1762 ‘O
209 1725 391 1773 genetrix,
421 1737 499 1774 quo
529 1726 606 1763 fata
633 1727 774 1763 vocas?
813 1732 876 1762 aut
905 1725 996 1774 quid
1024 1724 1119 1773 petis
1149 1723 1254 1760 istis?

119 1785 321 1822 mortaline
349 1797 468 1822 manu
497 1785 618 1822 factae
647 1785 862 1822 immortale
893 1785 1043 1822 carinae

119 1842 178 1879 fas
207 1843 381 1889 habeant,
411 1852 611 1894 certusque
641 1845 784 1881 incerta
812 1844 979 1893 pericula
1008 1843 1139 1879 lustret

121 1902 300 1940 Aeneas?
339 1903 400 1940 cui
428 1910 534 1940 tanta
562 1903 636 1941 deo
667 1905 854 1952 permissa
883 1902 1079 1951 potestas?

122 1960 249 1998 Immo
276 1961 341 1998 ubi
370 1962 571 2000 defunctae
600 1963 716 2000 finem
746 1969 953 2011 portusque
983 1960 1168 1996 tenebunt

122 2020 318 2057 Ausonios
346 2021 449 2065 olim,
480 2033 746 2070 quaecumque
776 2021 933 2057 evaserit
963 2019 1076 2056 undis

123 2079 435 2129 Dardaniumque
465 2082 600 2118 ducem
631 2081 836 2117 Laurentia
866 2079 1007 2116 vexerit
1036 2091 1134 2123 arva,

123 2139 323 2178 mortalem
351 2140 509 2187 eripiam
539 2139 701 2176 formam
730 2139 936 2187 magnique
966 2138 1106 2175 iubebo

123 2198 298 2248 aequoris
327 2210 410 2236 esse
439 2198 542 2243 deas,
574 2198 696 2247 qualis
726 2197 866 2234 Nereia
894 2196 1000 2234 Doto

125 2265 160 2296 et
188 2257 348 2296 Galatea
375 2263 508 2294 secant
536 2262 781 2305 spumantem
810 2264 964 2304 pectore
994 2257 1181 2304 pontum.'

123 2317 279 2355 Dixerat
307 2316 421 2365 idque
449 2323 573 2353 ratum
604 2315 724 2363 Stygii
753 2327 821 2362 per
849 2314 1007 2352 flumina
1035 2315 1168 2362 fratris,

123 2390 190 2427 per
218 2377 303 2426 pice
331 2382 516 2413 torrentes
544 2381 701 2422 atraque
731 2374 913 2422 voragine
942 2374 1043 2422 ripas

123 2437 257 2474 annuit
286 2442 322 2473 et
350 2441 474 2472 totum
503 2441 597 2471 nutu
627 2433 834 2470 tremefecit
863 2432 1083 2482 Olympum.

1418 76 1498 117 253

1466 609 1481 641 *Y

1486 633 1496 640 ,-

1465 899 1506 928 80

1465 1502 1506 1532 90

1467 1799 1506 1830 95

1449 2095 1509 2117 100
