1669 2737
136 63 219 105 206
715 67 941 101 AENEIS.

135 178 321 227 egregius,
351 179 381 216 si
410 189 593 226 umquam
624 176 864 225 regnandam
893 175 1083 224 acceperit
1111 175 1265 212 Albam.

136 237 213 283 Qui
242 238 407 282 iuvenes,
437 244 601 285 quantas
631 242 837 280 ostentant,
868 236 1007 284 aspice,
1038 236 1147 279 vires,

136 304 248 345 atque
276 297 451 332 umbrata
479 301 618 343 gerunt
647 294 744 331 civili
773 301 947 343 tempora
975 295 1144 342 quercu!

138 354 192 391 Hi
221 355 286 392 tibi
316 354 554 391 Nomentum
584 360 621 390 et
650 353 797 390 Gabios
825 354 1036 402 urbemque
1065 352 1264 397 Fidenam,

136 415 174 451 hi
204 414 413 452 Collatinas
443 414 644 461 imponent
673 413 868 450 montibus
898 424 1016 457 arceS‚

137 474 332 511 Pometios
362 472 616 521 Castrumque
646 471 732 508 Inui
761 471 974 520 Bolamque
1004 471 1237 519 Coramque.

137 533 247 570 Haec
275 540 356 570 tum
384 532 542 568 nomina
570 537 687 576 erunt,
718 543 820 567 nunc
849 537 938 567 sunt
966 530 1049 567 sine
1078 530 1236 567 nomine
1266 535 1400 566 terrae.

137 592 242 638 Quin
271 599 307 628 et
336 603 407 628 avo
437 591 618 627 comitem
648 602 729 627 sese
759 589 971 626 Mavortius
1001 588 1117 625 addet

137 653 337 697 Romulus,
368 651 546 689 Assaraci
575 663 691 700 quem
720 650 916 700 sanguinis
945 650 1014 687 Ilia
1044 657 1164 686 mater

136 713 282 750 educet.
339 709 476 748 Viden'
505 717 546 747 ut
575 711 751 759 geminae
782 716 881 747 stant
909 709 1046 746 vertice
1076 710 1212 746 cristae

136 781 173 810 et
201 782 306 822 pater
333 773 415 821 ipse
445 783 516 809 suo
546 783 724 820 superum
754 771 830 807 iam
860 770 984 818 signat
1013 770 1189 806 honore?

136 834 198 871 En
227 834 350 879 huius,
381 839 481 873 nate,
514 832 690 881 auspiciis
720 831 781 868 illa
810 831 939 868 inclita
969 830 1097 868 Roma

135 895 334 943 imperium
364 894 480 938 terris,
512 893 662 930 animos
691 892 869 942 aequabit
899 891 1080 940 Olympo,

136 962 359 1003 septemque
388 965 466 990 una
496 953 566 989 sibi
595 964 706 989 muro
737 951 986 988 circumdabit
1015 962 1134 996 arces,

135 1015 221 1051 felix
251 1013 358 1062 prole
386 1013 531 1049 virum:
572 1012 694 1060 qualis
724 1011 949 1059 Berecyntia
977 1017 1099 1047 mater

135 1073 318 1110 invehitur
347 1084 457 1109 curru
486 1071 669 1119 Phrygias
698 1071 828 1107 turrita
856 1082 923 1118 per
951 1070 1075 1114 urbes,

134 1135 231 1170 laeta
261 1132 375 1169 deum
404 1138 525 1179 partu,
556 1137 710 1168 centum
740 1130 941 1178 complexa
971 1136 1144 1177 nepotes,

134 1203 271 1228 omnes
301 1190 512 1234 caelicolas,
543 1201 679 1226 omnes
709 1201 847 1237 supera
876 1188 951 1225 alta
979 1194 1163 1224 tenentes.

135 1250 224 1287 Huc
254 1249 427 1298 geminas
457 1261 560 1285 nunc
589 1248 698 1285 flecte
728 1249 840 1292 acies,
870 1247 970 1284 hanc
1001 1246 1130 1294 aspice
1160 1253 1315 1294 gentem

135 1309 413 1357 Romanosque
443 1315 540 1344 tuos.
600 1306 677 1344 Hic
707 1306 848 1344 Caesar
877 1313 914 1343 et
943 1306 1068 1342 omnis
1099 1305 1169 1342 Iuli

134 1368 349 1417 progenies,
379 1379 565 1415 magnum
594 1366 687 1403 caeli
716 1373 871 1402 ventura
901 1366 972 1402 sub
1001 1377 1124 1402 axem.

134 1427 210 1465 Hic
239 1427 303 1471 vir,
334 1426 394 1463 hic
424 1433 492 1470 est,
522 1426 589 1462 tibi
620 1438 733 1474 quem
763 1425 929 1474 promitti
960 1425 1111 1473 saepius
1141 1424 1261 1469 audis,

134 1489 329 1535 Augustus
361 1485 512 1530 Caesar,
542 1485 629 1522 Divi
657 1497 791 1534 genus,
822 1497 937 1521 aurea
965 1485 1105 1521 condet
1261 1477 1280 1498 ”

134 1546 283 1583 saecula
312 1545 375 1594 qui
406 1557 533 1581 rursus
563 1544 674 1581 Latio
703 1551 861 1592 regnata
890 1556 959 1593 per
988 1555 1077 1580 arva

134 1606 297 1642 Saturno
327 1604 534 1652 quondam,
565 1615 679 1651 super
707 1611 744 1640 et
774 1602 1027 1640 Garamantas
1057 1608 1093 1638 et
1122 1601 1242 1638 Indos

133 1665 298 1714 proferet
326 1664 530 1712 imperium
546 1675 554 1707 ;
590 1663 686 1699 iacet
715 1670 821 1698 extra
850 1662 972 1698 sidera
1001 1662 1123 1706 tellus,

133 1732 237 1761 extra
265 1724 356 1760 anni
386 1721 554 1770 solisque
582 1722 673 1766 vias,
705 1722 768 1758 ubi
798 1721 947 1758 caelifer
975 1721 1083 1757 Atlas
1147 1769 1166 1771 μ

133 1795 245 1820 axem
273 1794 404 1819 umero
435 1788 586 1830 torquet
615 1780 731 1817 stellis
759 1780 977 1816 ardentibus
1007 1771 1199 1828 aptumss's·

132 1843 258 1879 Huius
288 1842 327 1878 in
355 1841 560 1878 adventum
589 1840 665 1877 iam
694 1851 797 1876 nunc
827 1847 862 1876 et
892 1838 1033 1886 Caspia
1061 1850 1179 1887 regna

131 1901 325 1951 responsis
354 1900 511 1937 horrent
540 1899 669 1936 divum
698 1905 734 1935 et
764 1897 934 1934 Maeotia
962 1897 1071 1934 tellus

131 1969 167 1998 et
196 1959 489 2009 septemgemini
518 1959 672 1995 turbant
701 1957 848 2005 trepida
877 1956 973 1993 ostia
1004 1955 1094 1993 Nili.

132 2020 214 2057 Nec
244 2032 333 2056 vero
364 2019 520 2056 Alcides
549 2026 696 2055 tantum
725 2016 864 2053 telluris
894 2016 1020 2059 obivit,

130 2080 251 2117 fixerit
280 2080 498 2127 aeripedem
528 2089 679 2115 cervam
707 2077 794 2113 licet
823 2082 886 2112 aut
914 2075 1138 2123 Erymanthi

129 2139 273 2188 pacarit
302 2150 462 2175 nemora
491 2143 528 2174 et
556 2137 723 2173 Lernam
754 2134 1001 2172 tremefecerit
1030 2147 1133 2179 arcu,

129 2211 201 2236 nec
230 2198 294 2247 qui
323 2197 538 2246 pampineis
568 2197 687 2232 victor
717 2196 806 2243 iuga
833 2193 949 2231 flectit
978 2193 1137 2231 habenis

129 2258 253 2302 Liber,
285 2269 403 2305 agens
433 2256 536 2293 celso
566 2255 696 2304 Nysae
726 2254 772 2291 de
802 2254 939 2290 vertice
967 2253 1094 2301 tigres.

129 2316 179 2353 Et
208 2316 429 2353 dubitamus
459 2314 583 2351 adhuc
613 2314 745 2350 virtute
776 2311 981 2349 extendere
1010 2311 1118 2355 vires,

129 2383 193 2413 aut
222 2381 346 2411 metus
376 2373 549 2410 Ausonia
578 2371 755 2421 prohibet
785 2371 992 2408 consistere
1022 2370 1145 2406 terra?

131 2434 228 2480 Quis
257 2432 390 2482 procul
419 2432 478 2469 ille
508 2439 634 2469 autem
664 2431 778 2468 ramis
808 2430 968 2479 insignis
997 2429 1118 2465 olivae

1462 185 1525 219 770

1464 481 1523 515 775

1485 775 1525 806 So

1464 781 1481 815 *ἵ

1461 1378 1522 1410 790

1459 1673 1517 1707 795

1455 1962 1519 1992 800

1452 2258 1513 2298 805
