1669 2737
133 76 213 119 282
704 85 929 121 AENEIS.

131 190 362 240 dexteraque
391 204 437 229 ex
468 203 602 229 umero
631 194 756 232 nervis
786 194 1016 232 moribunda
1046 195 1238 244 pependit.

131 250 236 287 Tum
265 250 446 288 Numitor
475 251 597 288 iaculo
625 251 746 290 fratris
775 253 823 290 de
852 266 1013 302 corpore
1042 261 1152 303 rapto

131 309 292 347 Aenean
322 310 450 359 petiit:
491 310 559 347 sed
587 322 666 348 non
696 319 732 349 et
761 312 878 361 figere
906 320 1040 350 contra

130 376 186 407 est
215 369 369 414 licitum,
401 369 608 419 magnique
637 370 759 408 femur
787 372 1003 420 perstrinxit
1033 372 1214 411 Achatae.

130 429 206 465 Hic
237 428 400 465 Curibus
430 427 552 465 fidens
582 429 777 477 primaevo
807 443 969 480 corpore
1000 430 1164 469 Clausus

129 489 278 527 advenit
307 494 343 525 et
372 488 494 536 rigida
522 487 720 537 Dryopem
750 489 832 527 ferit
861 491 1010 528 eminus
1039 491 1149 528 hasta

129 550 200 587 sub
229 554 400 585 mentum
429 548 590 596 graviter
619 560 750 596 pressa
779 551 996 600 pariterque
1025 551 1216 600 loquentis

128 620 263 645 vocem
293 607 539 655 animamque
568 607 664 656 rapit
692 608 848 645 traiecto
877 616 1027 657 gutture
1042 623 1052 656 ς
1093 616 1130 648 at
1158 611 1217 648 ille

128 668 252 705 fronte
282 666 363 703 ferit
392 672 530 703 terram
559 673 596 703 et
626 678 795 704 crassum
824 669 943 705 vomit
972 681 1036 706 ore
1067 682 1253 708 cruorem.

127 728 225 766 Tres
255 738 409 775 quoque
440 725 637 763 Threicios
668 726 817 764 Boreae
847 728 894 765 de
924 736 1039 777 gente
1069 741 1246 778 suprema

128 794 164 825 et
193 794 278 830 tres,
309 797 406 834 quos
435 784 522 822 Idas
552 792 659 834 pater
688 792 726 824 et
754 787 874 835 patria
904 787 1051 826 Ismara
1081 790 1202 835 mittit,

127 859 195 895 per
224 845 346 882 varios
376 844 507 881 sternit
536 856 656 882 casus.
715 845 890 883 Accurrit
921 846 1113 884 Halaesus

128 907 408 952 Auruncaeque
436 900 585 948 manusss
616 904 716 942 subit
745 912 782 942 et
812 905 1007 954 Neptunia
1035 907 1171 956 proles,

128 965 286 1014 insignis
316 963 519 1012 Messapus
549 964 666 1012 equis.
724 963 923 1013 Expellere
953 966 1116 1004 tendunt

128 1037 229 1062 nunc
259 1023 308 1069 hi,
338 1035 440 1059 nunc
470 1023 540 1069 illi3
582 1030 742 1061 certatur
771 1025 900 1061 limine
930 1026 968 1061 in
998 1025 1083 1074 ipso

128 1083 334 1121 Ausoniae.
392 1082 541 1130 Magno
572 1083 769 1121 discordes
799 1084 952 1122 aethere
981 1085 1081 1121 venti

127 1143 269 1194 proelia
298 1153 368 1179 ceu
397 1141 534 1179 tollunt
563 1142 702 1180 animis
733 1149 769 1180 et
798 1144 937 1180 viribus
967 1144 1123 1192 aequis:

127 1215 206 1240 non
236 1202 308 1251 ipsi
337 1202 432 1238 inter
461 1213 509 1246 se,
541 1213 620 1238 non
651 1202 789 1248 nubila,
820 1215 899 1240 non
928 1215 1032 1240 mare
1062 1203 1185 1250 cedit;

128 1274 269 1311 anceps
298 1273 429 1310 pugna
458 1261 533 1306 diu,
565 1267 665 1298 stant
694 1262 836 1300 obnixa
865 1264 995 1300 onmia
1025 1269 1181 1301 contra:

128 1322 229 1359 haud
258 1321 362 1358 aliter
391 1320 584 1358 Troianae
614 1321 715 1358 acies
745 1322 922 1370 aciesque
953 1322 1112 1359 Latinae

129 1387 381 1420 concurrunt:
422 1380 552 1417 haeret
581 1380 678 1429 pede
708 1393 778 1430 pes
808 1381 1027 1431 densusque
1057 1382 1135 1419 viro
1166 1381 1229 1420 vir.

182 1442 232 1478 At
261 1447 366 1490 parte
396 1453 442 1478 ex
472 1440 553 1486 alia,
585 1452 661 1489 qua
690 1452 782 1478 saxa
811 1442 973 1478 rotantia
1002 1441 1075 1478 late

128 1501 328 1550 impulerat
357 1507 504 1537 torrens
534 1500 761 1548 arbustaque
792 1500 913 1537 diruta
942 1500 1044 1549 ripis,

128 1560 300 1597 Arcadas
329 1560 500 1596 insuetos
529 1559 629 1596 acies
659 1558 795 1596 inferre
825 1559 1022 1609 pedestres

128 1628 168 1658 ut
197 1621 286 1658 vidit
316 1620 438 1657 Pallas
469 1619 579 1656 Latio
610 1619 700 1657 dare
729 1626 836 1669 terga
867 1620 1076 1668 sequaci—-

128 1694 261 1730 aspera
290 1681 375 1730 quis
404 1687 537 1718 natura
567 1680 639 1717 loci
670 1680 857 1717 dimittere
887 1680 1045 1729 quando

128 1741 242 1778 suasit
271 1752 566 1789 equos—unum
597 1739 701 1788 quod
730 1740 843 1776 rebus
872 1747 987 1777 restat
1016 1741 1161 1789 egenis,

128 1812 229 1836 nunc
259 1811 382 1848 prece,
414 1810 516 1835 nunc
546 1798 656 1835 dictis
685 1798 859 1835 virtutem
889 1799 1065 1835 accendit
1094 1798 1255 1836 amaris:

129 1859 241 1906 ‘Quo
271 1859 408 1907 fugitis,
439 1858 560 1895 socii?
598 1869 666 1906 per
694 1869 762 1894 vos
789 1864 825 1894 et
856 1856 967 1894 sortia
997 1857 1106 1902 facta,

128 1931 194 1969 per
224 1918 329 1955 ducis
358 1917 525 1954 Evandri
554 1928 698 1953 nomen
729 1916 951 1965 devictaque
980 1916 1078 1953 bella

127 1989 311 2027 spemque
340 1989 478 2022 meam,
509 1976 652 2025 patriae
681 1987 779 2025 quae
808 1987 911 2013 nune
941 1976 1039 2013 subit
1068 1976 1219 2014 aemula
1248 1976 1361 2021 laudi,

129 2039 230 2076 fidite
260 2050 307 2074 ne
337 2037 506 2086 pedibus.
564 2036 680 2073 Ferro
711 2035 924 2084 rumpenda
953 2047 1020 2084 per
1049 2035 1178 2074 hostes

127 2105 184 2135 est
212 2097 280 2133 via.
339 2096 427 2142 Qua
456 2096 594 2145 globus
623 2095 682 2132 ille
711 2095 831 2132 virum
861 2094 1107 2133 densissimus
1136 2103 1256 2144 urget,

127 2157 198 2193 hac
228 2168 294 2193 vos
323 2162 359 2192 et
387 2155 558 2192 Pallanta
587 2154 724 2192 ducem
753 2154 874 2203 patria
902 2154 977 2191 alta
1005 2155 1181 2203 reposcit.

128 2215 298 2253 Numina
326 2214 427 2252 nulla
456 2220 643 2263 premunt,
674 2214 823 2251 mortali
852 2225 1032 2263 urgemur
1060 2214 1108 2250 ab
1137 2213 1246 2252 hoste

127 2275 316 2319 mortales,
345 2274 504 2312 totidem
533 2275 645 2311 nobis
674 2274 900 2322 animaeque
929 2285 1152 2322 manusque.

126 2335 240 2379 Ecce,
269 2335 384 2371 maris
414 2346 555 2382 magna
583 2333 722 2372 claudit
752 2345 824 2370 nos
854 2333 977 2370 obiice
1005 2339 1156 2382 pontus,

127 2393 246 2431 Deest
274 2394 349 2430 iam
380 2400 475 2430 terra
505 2393 639 2441 fugae:
680 2392 838 2441 pelagus
869 2391 1078 2429 Troiamne
1107 2390 1328 2440 petemus?’

130 2452 238 2490 Haec
267 2452 318 2489 ait
346 2458 383 2489 et
412 2452 559 2489 medius
589 2452 728 2490 densos
758 2451 969 2501 prorumpit
998 2452 1037 2488 in
1066 2450 1207 2490 hostes.

1451 445 1512 479 345

1449 743 1513 775 350

1451 1328 1513 1368 360

1449 1626 1511 1667 365

1449 1931 1514 1964 370

1450 2227 1511 2259 375
