1669 2737
137 88 189 142 58
688 93 972 131 GEORGICA.

135 201 204 240 Est
232 202 341 240 lucos
371 202 479 240 Silari
510 202 610 240 circa
638 201 863 252 ilicibusque
892 204 1078 242 virentem

135 263 317 311 plurimus
345 262 561 300 Alburnum
590 262 761 308 volitans,
794 265 855 301 cui
885 277 1026 302 nornen
1055 265 1150 303 asilo

136 322 358 359 Romanurn
387 329 454 367 est,
484 329 653 359 oestrum
684 321 788 360 Graii
817 330 961 361 vertere
989 333 1185 370 vocantes,

136 394 256 431 asper,
288 382 424 419 acerba
453 393 607 427 sonans,
638 394 716 430 quo
746 388 826 420 tota
855 384 1032 421 exterrita
1062 383 1161 421 silvis

136 442 340 491 diffugiunt
368 448 550 487 armenta,
581 441 669 479 furit
696 443 905 491 mugitibus
934 443 1063 481 aether

136 513 347 539 concussus
377 501 568 549 silvaeque
597 508 634 539 et
663 502 753 539 sicci
782 502 863 551 ripa
892 502 1075 552 Tanagri.

137 561 227 599 Hoc
257 561 454 611 quondam
483 568 657 599 monstro
686 560 885 599 horribiles
914 563 1084 600 exercuit
1113 563 1186 601 iras

136 621 314 658 Inachiae
344 620 444 658 Iuno
473 628 621 670 pestem
650 621 833 658 meditata
862 622 1057 659 iuvencae.

136 680 254 718 Hunc
283 692 450 729 quoque,
481 692 571 717 nam
599 680 734 717 mediis
765 681 975 718 fervoribus
1005 682 1127 719 acrior
1156 682 1280 727 instat,

135 739 281 777 arcebis
310 739 465 787 gravido
495 739 638 787 pecori,
669 746 917 788 armentaque
947 752 1082 788 pasces

135 800 215 838 sole
245 811 378 837 recens
408 806 492 836 orto
521 806 586 836 aut
615 806 769 836 noctem
800 799 1025 837 ducentibus
1055 800 1172 837 astris.

188 859 279 896 Post
307 866 457 907 partum
486 871 576 896 cura
604 859 642 895 in
671 859 809 896 vitulos
839 859 1044 897 traducitur
1074 860 1226 905 omnis;

135 919 395 969 continuoque
426 926 538 957 notas
569 926 604 956 et
634 919 792 957 nomina
821 921 946 968 gentis
975 921 1141 966 inurunt,

135 986 172 1017 et
200 991 299 1029 quos
330 986 393 1016 aut
422 979 551 1028 pecori
581 979 714 1016 malint
744 980 978 1017 summittere
1007 980 1187 1017 habendo

135 1045 199 1076 aut
226 1040 299 1076 aris
329 1051 474 1076 servare
506 1050 636 1076 sacros
666 1046 730 1075 aut
760 1039 934 1076 scindere
965 1046 1101 1077 terram

134 1104 171 1135 et
200 1110 380 1147 campum
410 1097 629 1135 horrentem
659 1097 785 1135 fractis
816 1099 1000 1136 invertere
1029 1099 1184 1147 glaebis.

136 1157 272 1195 Cetera
301 1163 509 1205 pascuntur
538 1157 674 1194 virides
705 1165 877 1194 armenta
907 1170 975 1207 per
1005 1157 1152 1195 herbas.

135 1216 199 1254 Tu
227 1228 326 1265 quos
355 1216 404 1253 ad
433 1217 601 1254 studium
632 1224 746 1265 atque
775 1229 887 1255 usum
917 1217 1098 1254 formabis
1127 1223 1329 1266 agrestem,

134 1276 211 1313 iam
240 1275 375 1312 vitulos
405 1275 556 1314 hortare
586 1277 761 1325 viamque
792 1277 923 1313 insiste
954 1276 1149 1320 domandi,

135 1335 227 1372 dum
257 1334 384 1372 faciles
414 1335 530 1372 animi
560 1336 752 1381 iuvenum,
784 1336 876 1373 dum
904 1336 1056 1372 mobilis
1086 1342 1201 1372 aetas.

134 1395 193 1432 Ac
223 1396 387 1444 primurn
417 1395 526 1433 laxos
555 1396 659 1433 tenui
690 1396 737 1433 de
767 1396 908 1433 vimine
939 1396 1075 1433 circlos

135 1456 271 1493 cervici
302 1457 509 1502 subnecte;
549 1456 699 1501 dehinc,
730 1457 794 1493 ubi
824 1456 941 1493 libera
971 1456 1069 1493 colla

135 1515 287 1553 servitio
318 1515 515 1560 assuerim,
547 1515 637 1564 ipsis
667 1528 689 1552 e
718 1516 918 1564 torquibus
948 1522 1059 1564 aptos

136 1575 250 1624 iunge
280 1587 401 1624 pares,
431 1582 468 1612 et
496 1586 593 1623 coge
623 1575 783 1623 gradum
813 1575 985 1612 conferre
1014 1575 1225 1621 iuvencos;

136 1641 251 1684 atque
281 1634 351 1671 illis
380 1635 456 1671 iam
485 1645 601 1683 saepe
630 1641 734 1672 rotae
766 1635 953 1672 ducantur
982 1634 1116 1672 inanes

135 1707 204 1744 per
233 1701 382 1739 terram,
414 1701 450 1731 et
479 1705 632 1731 summo
662 1694 820 1742 vestigia
849 1693 1002 1742 pulvere
1032 1693 1207 1742 signent;

135 1760 225 1804 post
253 1753 378 1790 valido
409 1753 533 1790 nitens
563 1753 634 1790 sub
664 1753 835 1802 pondere
866 1753 1017 1801 faginus
1046 1753 1128 1789 axis

135 1815 329 1862 instrepat,
359 1819 396 1849 et
424 1813 576 1850 iunctos
606 1819 709 1849 temo
740 1812 862 1850 trahat
893 1824 1025 1849 aereus
1055 1812 1181 1848 orbes.

136 1873 288 1911 Interea
317 1873 409 1922 pubi
438 1872 648 1909 indomitae
678 1883 756 1909 non
785 1872 959 1921 gramina
989 1877 1137 1908 tantum

136 1946 209 1972 nec
237 1945 368 1970 vescas
398 1933 557 1970 salicum
587 1932 743 1970 frondes
772 1933 977 1981 ulvamque
1007 1931 1226 1980 palustrem,

137 1994 205 2032 sed
234 1993 424 2031 frumenta
453 2006 571 2030 manu
600 2005 735 2041 carpes
765 1999 868 2038 sata;
909 2004 980 2029 nec
1010 1991 1076 2028 tibi
1106 1990 1205 2027 fetae

135 2066 243 2091 more
273 2060 424 2102 patrum
453 2054 563 2091 nivea
592 2052 804 2101 implebunt
832 2051 1049 2088 mulctraria
1078 2062 1230 2094 vaccae,

137 2113 205 2151 sed
235 2120 314 2150 tota
341 2114 380 2150 in
410 2113 539 2150 dulces
570 2118 801 2150 consument
829 2112 949 2148 ubera
979 2116 1102 2147 natos.

191 2172 258 2210 Sin
287 2172 336 2209 ad
365 2172 464 2209 bella
492 2172 616 2221 magis
646 2171 815 2208 studium
844 2178 1065 2218 turmasque
1095 2167 1255 2214 feroces,

137 2238 201 2269 aut
229 2231 379 2279 Alphea
407 2231 499 2268 rotis
528 2230 697 2280 praelabi
727 2230 886 2266 flumina
916 2228 1028 2266 Pisae

137 2297 174 2329 et
204 2289 306 2328 Iovis
335 2291 374 2326 in
403 2290 490 2327 luco
521 2302 652 2327 currus
683 2290 827 2338 agitare
857 2289 1053 2326 volantes:

136 2350 282 2400 primus
311 2349 398 2398 equi
427 2349 535 2386 labor
563 2356 631 2395 est,
662 2349 812 2386 animos
843 2355 956 2397 atque
986 2359 1092 2385 arma
1121 2346 1249 2383 videre

136 2409 345 2447 bellantum
374 2408 566 2457 lituosque
596 2408 673 2456 pati
703 2415 902 2456 tractuque
932 2413 1153 2456 gementem

138 2468 234 2506 ferre
264 2474 387 2505 rotam
416 2473 453 2505 et
482 2467 631 2505 stabulo
662 2466 791 2504 frenos
820 2466 951 2504 audire
980 2471 1187 2511 sonantes;

1462 457 1524 490 150

1465 1045 1524 1076 160

1468 2231 1528 2261 180
