1669 2737
159 66 239 108 226
743 73 967 108 AENEIS.

157 181 238 225 has,
267 181 331 218 ubi
361 187 464 219 certa
493 182 599 219 sedet
626 182 796 232 patribus
826 182 1013 220 sententia
1042 195 1205 232 pugnae,

157 241 238 288 ipse
268 239 455 286 Quirinali
482 242 613 278 trabea
641 242 844 290 cinctuque
875 240 1029 278 Gabino

157 300 316 348 insignis
344 307 486 338 reserat
516 300 710 338 stridentia
738 300 869 337 limina
899 301 1043 346 consul,

157 360 238 408 ipse
266 365 376 397 vocat
404 372 576 408 pugnas;
617 359 783 408 sequitur
812 366 892 396 tum
922 366 1045 396 cetera
1074 360 1207 408 pubes,

156 430 342 467 aereaque
372 430 530 456 assensu
559 419 781 468 conspirant
811 431 954 456 cornua
982 431 1109 456 rauco.

157 477 247 514 Hoc
276 485 312 514 et
341 483 420 514 tum
449 478 641 515 Aeneadis
669 478 834 515 indicere
864 478 963 514 bella
990 477 1148 515 Latinus

155 549 262 575 more
291 537 488 574 iubebatur
516 537 715 587 tristesque
744 537 937 575 recludere
966 545 1107 586 portas.

155 597 347 634 Abstinuit
375 603 476 633 tactu
505 602 612 645 pater
640 609 870 646 aversusque
899 596 1036 645 refugit

155 656 269 693 foeda
297 656 504 692 ministeria
533 662 569 692 et
599 656 721 693 caecis
751 668 791 694 se
821 655 992 693 condidit
1021 656 1177 693 umbris.

155 715 260 752 Turn
288 715 420 763 regina
447 714 561 751 deum
591 715 696 752 caelo
727 715 883 764 delapsa
912 722 1105 752 morantes

154 774 303 823 impulit
331 775 414 822 ipsa
443 786 560 811 manu
591 782 730 824 portas,
762 781 800 812 et
828 774 981 812 cardine
1011 786 1120 811 verso

154 833 243 871 belli
270 833 428 870 ferratos
457 834 598 882 rumpit
628 833 801 871 Saturnia
829 840 970 883 postes.

154 893 275 930 Ardet
303 893 468 930 inexcita
496 894 670 931 Ausonia
698 900 812 942 atque
841 893 1046 929 immobilis
1076 899 1187 939 ante3

156 965 242 1002 pars
272 952 389 1000 pedes
418 953 469 989 ire
498 959 606 1001 parat
635 954 791 1001 campis,
821 963 909 1000 pars
940 952 1079 988 arduus
1109 952 1190 989 altis

155 1011 434 1061 pulverulentus
465 1011 572 1060 equis
601 1011 708 1057 furit;
748 1023 885 1048 omnes
915 1022 1020 1047 arma
1048 1011 1254 1059 requirunt.

156 1083 243 1120 pars
270 1070 370 1107 leves
400 1070 544 1118 clipeos
573 1077 609 1107 et
639 1070 783 1120 spicula
811 1070 937 1107 lucida
966 1076 1112 1118 tergent

156 1130 283 1166 arvina
311 1129 443 1177 pingui
473 1130 729 1178 subiguntque
761 1129 799 1165 in
829 1136 915 1167 cote
945 1141 1118 1175 secures;

156 1190 342 1238 signaque
372 1188 466 1225 ferre
495 1188 594 1225 iuvat
624 1189 846 1238 sonitusque
877 1189 1006 1226 audire
1036 1190 1223 1225 tubarum.

156 1249 335 1297 Quinque
365 1247 463 1285 adeo
492 1259 656 1296 magnae
686 1248 819 1296 positis
848 1247 1050 1284 incudibus
1080 1248 1191 1284 urbes

156 1308 230 1346 tela
257 1314 409 1352 novant,
439 1307 556 1344 Atina
586 1314 724 1355 potens
754 1306 951 1355 Tiburque
981 1307 1199 1355 superbum,

156 1368 284 1406 Ardea
313 1366 625 1416 Crustumerique
653 1376 689 1404 et
718 1367 923 1415 turrigerae
952 1366 1181 1403 Antemnae.

157 1427 350 1476 Tegmina
377 1433 456 1463 tuta
484 1432 619 1463 cavant
648 1427 814 1474 capitum
843 1426 1076 1474 flectuntque
1107 1424 1273 1473 salignas

156 1487 369 1524 umbonum
399 1493 520 1523 crates
535 1499 545 1532 3
586 1485 645 1523 alii
676 1485 851 1523 thoracas
880 1490 999 1522 aenos

157 1553 221 1584 aut
248 1546 348 1582 leves
378 1556 509 1582 ocreas
538 1545 641 1581 lento
671 1544 814 1581 ducunt
845 1552 1030 1593 argento;

156 1605 320 1642 vomeris
349 1604 422 1641 huc
452 1612 488 1641 et
517 1603 623 1641 falcis
651 1603 788 1648 honos,
820 1603 895 1640 huc
924 1604 1049 1640 omnis
1078 1603 1186 1640 aratri

157 1664 270 1702 cessit
297 1675 405 1700 amor
422 1676 431 1709 ;
471 1668 684 1711 recoquunt
712 1662 854 1711 patrios
885 1662 1103 1699 fornacibus
1133 1673 1254 1698 enses.

158 1723 326 1761 Classica
355 1723 508 1770 iamque
538 1728 675 1758 sonant
690 1734 700 1767 3
740 1721 766 1757 it
795 1721 894 1757 bello
924 1728 1067 1757 tessera
1095 1720 1258 1768 signum.

157 1783 234 1820 Hic
262 1781 409 1831 galeam
438 1781 545 1817 tectis
574 1780 742 1828 trepidus
771 1780 876 1829 rapit,
907 1780 966 1816 ille
995 1780 1198 1816 frementes

157 1842 206 1879 ad
234 1842 322 1889 iuga
351 1840 454 1889 cogit
481 1851 613 1888 equos,
645 1839 888 1889 clipeumque
918 1850 1088 1888 auroque
1117 1838 1275 1874 trilicem

156 1902 311 1939 loricam
342 1900 506 1937 induitur
534 1899 687 1948 fidoque
716 1899 925 1948 accingitur
953 1910 1054 1935 ense.

211 1961 368 1998 Pandite
398 1972 500 1997 nunc
530 1959 731 2004 Helicona,
762 1959 866 2005 deae,
899 1965 1108 2006 cantusque
1137 1963 1298 2003 movete,

158 2021 221 2070 qui
250 2020 349 2057 bello
380 2019 492 2056 exciti
520 2031 640 2067 reges,
671 2030 769 2068 quae
798 2029 990 2067 quemque
1019 2024 1170 2054 secutae

158 2081 382 2129 complerint
412 2092 570 2128 campos
599 2080 710 2125 acies,
741 2080 878 2128 quibus
909 2078 1006 2115 Itala
1034 2078 1108 2114 iam
1138 2085 1218 2114 tum

157 2141 324 2177 floruerit
352 2147 450 2176 terra
477 2140 577 2177 alma
605 2139 700 2182 viris,
733 2138 870 2187 quibus
899 2137 1027 2174 arserit
1056 2137 1179 2173 armis.

159 2200 208 2236 Et
237 2200 461 2236 meministis
491 2199 604 2243 enirn,
635 2198 754 2243 divae,
784 2204 821 2234 et
850 2208 1062 2234 memorare
1092 2196 1274 2245 potestis:

158 2260 205 2296 ad
235 2271 306 2296 nos
335 2260 395 2295 vix
424 2259 547 2295 tenuis
577 2258 699 2294 famae
729 2256 933 2306 perlabitur
961 2268 1061 2292 aura.

212 2317 360 2354 Primus
389 2318 458 2354 init
486 2317 627 2354 bellum
657 2315 865 2365 Tyrrhenis
894 2327 1004 2363 asper
1023 2316 1072 2351 ab
1101 2315 1176 2352 oris

158 2383 400 2425 contemptor
430 2377 557 2413 divum
587 2375 800 2412 Mezentius
830 2375 1057 2423 agminaque
1086 2380 1219 2412 armat.

158 2435 274 2472 Filius
303 2435 389 2473 huic
418 2435 521 2472 iuxta
551 2434 709 2481 Lausus,
740 2445 817 2483 quo
847 2432 1037 2483 pulchrior
1067 2433 1157 2470 alter

1477 424 1538 464 615

1478 723 1539 752 020

1477 1016 1537 1056 625

1478 1903 1540 1944 640

1477 2201 1537 2241 645
