1669 2737
143 67 228 122 306
718 73 944 108 AENEJS.

143 181 319 219 nobilitas
351 181 477 227 dabat,
507 180 694 218 incertum
723 180 771 218 de
800 188 905 230 patre
934 179 1104 229 ferebat),

143 242 262 289 surgit
291 248 327 278 et
355 241 415 278 his
445 246 579 277 onerat
609 240 717 277 dictis
747 248 862 289 atque
892 248 1047 290 aggerat
1075 241 1174 277 iras:

144 300 267 337 ‘Rem
297 300 387 337 nulli
417 300 621 337 obscuram
650 306 803 336 nostrae
832 312 904 337 nec
933 299 1037 336 vocis
1066 306 1244 347 egentem

144 360 322 403 consulis,
353 372 377 397 o
407 360 510 397 bone
539 371 628 396 rex:
667 360 793 396 cuncti
823 372 864 397 se
894 360 986 397 scire
1016 359 1190 405 fatentur,

145 419 237 467 quid
266 419 417 456 fortuna
447 418 541 456 ferat
570 418 714 467 populi,
746 419 811 456 sed
841 419 964 456 dicere
994 426 1176 457 mussant.

143 478 220 515 Det
249 478 463 515 libertatem
493 477 597 514 fandi
626 477 814 526 flatusque
843 479 1018 524 remittat,

146 537 252 574 cuius
282 538 333 574 ob
363 536 575 585 auspicium
604 535 812 573 infaustum
840 550 1045 587 moresque
1074 538 1244 575 sinistros

148 595 290 643 (dicam
320 595 510 644 equidem,
541 595 629 632 licet
658 607 763 632 arma
791 595 882 632 mihi
910 604 1148 645 mortemque
1177 594 1356 646 minetur)

144 654 289 692 lumina
316 660 373 691 tot
403 654 587 691 cecidisse
618 654 758 691 ducum
787 661 983 704 totamque
1012 655 1183 693 videmus

147 715 367 752 consedisse
395 715 529 751 urbem
558 714 672 759 luctu,
704 715 796 751 dum
825 715 861 752 T
865 721 949 752 rol'a
979 723 1139 765 temptat

148 781 271 811 castra
294 773 408 821 fugae
437 773 561 809 fidens
592 779 629 810 et
657 773 806 810 caelum
835 775 979 811 territat
1008 775 1134 812 armis.

146 833 280 870 Unum
309 833 424 870 etiam
454 831 566 868 donis
596 832 686 877 istis,
717 844 814 881 quae
843 833 1006 881 plurima
1033 834 1128 871 mitti

148 892 378 929 Dardanidis
410 890 559 940 dicique
589 890 706 936 iubes,
736 903 866 936 unum,
898 893 1040 940 optime
1070 905 1216 943 regum,

149 952 315 998 adiicias,
346 963 417 989 nec
448 958 484 988 te
513 950 623 988 ullius
653 949 830 987 violentia
858 951 983 988 vincat

149 1011 240 1060 quin
269 1018 398 1048 natam
428 1010 584 1060 egregio
615 1021 758 1059 genero
788 1010 990 1059 dignisque
1018 1011 1241 1060 hymenaeis

149 1070 228 1115 des,
259 1077 377 1119 pater,
408 1077 445 1107 et
473 1082 611 1119 pacem
640 1069 740 1107 hanc
769 1075 924 1106 aeterno
953 1070 1107 1107 foedere
1136 1070 1283 1119 iungas.

150 1130 267 1176 Quod
295 1131 325 1168 si
353 1138 480 1168 tantus
508 1131 622 1168 habet
651 1137 798 1168 mentes
828 1137 865 1167 et
892 1137 1047 1179 pectora
1076 1137 1205 1176 terror,

149 1191 275 1240 ipsum
305 1191 539 1228 obtestemur
567 1191 795 1240 veniamque
826 1202 978 1228 oremus
1008 1191 1056 1228 ab
1085 1191 1182 1239 ipso,

151 1249 270 1295 cedat,
301 1250 358 1286 ius
387 1250 585 1298 proprium
613 1250 692 1299 regi
721 1250 940 1300 patriaeque
969 1250 1145 1287 remittat.

151 1308 257 1354 Quid
285 1309 446 1345 miseros
476 1308 614 1346 totiens
643 1310 682 1345 in
712 1317 840 1358 aperta
869 1309 1037 1359 pericula
1066 1309 1166 1346 cives

150 1368 313 1416 proficis,
344 1379 368 1403 0
398 1366 508 1404 Latio
540 1374 654 1416 caput
682 1367 819 1404 horum
848 1375 884 1404 et
914 1379 1029 1404 causa
1057 1367 1272 1404 malorum?

151 1425 265 1462 Nulla
294 1425 393 1462 salus
422 1425 546 1462 bello:
587 1438 724 1474 pacem
753 1432 789 1463 te
818 1427 1015 1475 poscimus
1044 1437 1192 1471 omnes,

151 1487 295 1532 Turne,
327 1487 437 1524 simul
466 1488 572 1536 pacis
603 1488 727 1524 solum
756 1487 973 1524 inviolabile
1001 1487 1152 1536 pignus.

151 1548 300 1586 Primus
330 1560 415 1597 ego,
446 1548 609 1585 invisum
639 1561 754 1598 quem
785 1556 825 1586 tu
853 1549 920 1586 tibi
949 1548 1061 1597 fingis
1090 1548 1144 1599 (et
1173 1559 1256 1585 esse

152 1608 203 1644 nil
232 1606 389 1657 moror),
420 1620 468 1645 en
499 1608 660 1656 supplex
690 1609 812 1645 venio.
871 1607 1055 1645 Miserere
1083 1614 1247 1644 tuorum.

152 1667 259 1704 Pone
289 1667 438 1703 animos
467 1673 503 1703 et
534 1666 666 1714 pulsus
696 1667 767 1703 abi.
828 1666 894 1703 Sat
923 1666 1056 1703 funera
1085 1664 1158 1703 fusi

152 1726 326 1770 vidimus,
356 1726 534 1773 ingentes
564 1731 601 1762 et
630 1725 883 1762 desolavimus
913 1736 1036 1773 agros.

154 1787 231 1822 Aut
261 1787 290 1823 si
320 1785 420 1822 fama
449 1792 586 1831 movet,
619 1785 650 1823 si
680 1792 828 1822 tantum
857 1791 1011 1834 pectore
1039 1783 1156 1821 robur

155 1845 324 1894 concipis
354 1851 390 1881 et
420 1845 450 1881 si
480 1844 577 1881 adeo
609 1845 744 1882 dotalis
774 1844 879 1892 regia
908 1842 1013 1881 cordi
1042 1849 1109 1888 est,

155 1905 252 1942 aude
281 1912 394 1953 atque
424 1904 624 1941 adversum
654 1903 777 1940 fidens
805 1903 860 1940 fer
888 1909 1020 1951 pectus
1050 1902 1089 1938 in
1119 1900 1280 1940 hostem.

157 1964 305 2002 Scilicet
334 1970 375 2000 ut
404 1963 540 1999 Turno
569 1963 766 2011 contingat
794 1962 899 2010 regia
928 1961 1108 2005 coniunx,

155 2035 227 2061 nos
257 2023 405 2060 animae
435 2022 536 2067 viles,
565 2021 763 2059 inhumata
791 2021 997 2069 infletaque
1025 2021 1144 2066 turba,

156 2090 368 2120 sternamur
397 2082 552 2129 campis.
610 2080 738 2117 Etiam
766 2085 817 2124 tu,
847 2080 878 2116 si
907 2090 983 2129 qua
1010 2079 1077 2115 tibi
1105 2079 1170 2124 vis,

155 2142 187 2179 si
215 2141 323 2191 patrii
352 2141 444 2189 quid
471 2139 607 2177 Martis
636 2138 767 2184 habes,
797 2138 903 2175 illum
931 2137 1059 2187 aspice
1088 2144 1232 2184 contra,

155 2202 220 2251 qui
248 2200 379 2238 vocat.’

209 2259 371 2297 Talibus
400 2261 539 2298 exarsit
569 2260 678 2298 dictis
705 2258 884 2297 violentia
912 2257 1047 2296 Turni.

157 2319 221 2356 dat
249 2319 433 2368 gemitum
461 2320 675 2367 rumpitque
704 2318 774 2356 has
802 2320 880 2356 imo
909 2324 1065 2367 pectore
1093 2328 1229 2354 voces:

157 2378 304 2427 ‘Larga
333 2377 498 2426 quidem,
526 2376 690 2423 Drance,
721 2388 872 2426 semper
899 2376 968 2413 tibi
996 2376 1107 2425 copia
1134 2374 1241 2412 fandi

157 2443 250 2482 tum,
280 2448 367 2474 cum
395 2435 494 2474 bella
522 2447 659 2474 manus
686 2442 863 2485 poscunt,
893 2435 1138 2484 patribusque
1166 2433 1310 2472 vocatis

1469 433 1528 464 345

1469 1024 1530 1056 355

1475 1610 1534 1650 365

1473 1915 1538 1947 370

1475 2208 1535 2243 375
