1669 2737
557 84 725 119 LIBER
754 83 832 120 III.
863 90 916 130 49
923 78 975 117 6—
979 86 1003 130 5
1011 89 1030 131 7
1036 91 1074 133 3.

125 194 205 244 ipse
233 193 346 232 latet:
386 193 543 243 gemino
573 193 777 230 demittunt
805 192 980 229 bracchia
1009 203 1118 228 muro

124 253 244 290 turriti
273 253 419 301 scopuli
448 251 660 301 refugitque
689 252 738 289 ab
767 252 875 289 litore
905 251 1102 300 templum.

125 312 317 358 Quattuor
345 312 418 357 hic,
447 312 612 360 primum
642 323 770 355 omen,
799 322 921 360 equos
951 311 989 346 in
1021 309 1194 358 gramine
1223 308 1299 345 vidi

123 372 327 409 tondentes
356 383 538 420 campum
567 371 651 416 late,
681 370 848 408 candore
877 369 1002 407 nivali.

124 431 175 468 Et
203 438 309 480 pater
339 431 529 467 Anchises
560 433 580 450 “
594 429 753 475 Bellum,
784 441 809 466 o
836 436 936 466 terra
965 429 1128 478 hospita,
1160 435 1320 477 portas:

124 490 225 528 bello
255 498 449 527 armantur
477 489 577 539 equi,
607 489 749 526 bellum
778 488 872 526 haec
901 496 1073 525 armenta
1102 489 1306 524 minantur.

126 549 203 587 Sed
231 557 360 587 tamen
389 550 492 587 idem
521 549 612 586 olim
641 560 752 585 curru
782 548 987 585 succedere
1017 550 1114 584 sueti

126 609 393 659 quadrupedes
421 615 458 645 et
487 608 592 645 frena
621 608 712 656 iugo
741 607 951 644 concordia
980 607 1100 643 ferre:

126 680 213 717 spes
242 675 278 706 et
307 668 413 718 pacis
428 668 449 682 ’¹
479 669 540 705 ait.
598 667 702 704 Tum
731 667 892 704 numina
920 673 1052 703 sancta
1080 677 1281 714 precamur

124 727 289 765 Palladis
318 728 544 772 armisonae,
575 739 673 776 quae
702 727 826 775 prima
855 726 1003 775 accepit
1032 733 1200 769 ovantes,

126 795 163 825 et
191 789 316 837 capita
339 795 427 825 ante
457 800 542 825 aras
571 787 738 836 Phrygio
767 786 935 823 velamur
965 786 1115 830 amictu,

126 848 416 896 praeceptisque
445 847 598 891 Heleni,
629 846 786 884 dederat
816 857 914 894 quae
943 845 1122 889 maxima,
1152 845 1219 881 rite

127 905 266 943 Iunoni
298 905 460 955 Argivae
489 906 613 943 iussos
642 905 842 942 adolemus
871 905 1048 942 honores.

128 964 246 1002 Haud
273 976 392 1009 mora,
425 966 608 1002 continuo
639 964 817 1013 perfectis
846 964 981 1001 ordine
1010 964 1106 1000 votis

127 1037 273 1062 cornua
302 1025 509 1062 velatarum
538 1025 773 1061 obvertimus
803 1030 1056 1060 antennarum

128 1084 469 1134 Graiugenumque
500 1084 639 1121 domos
669 1090 922 1132 suspectaque
951 1083 1159 1132 linquimus
1189 1095 1285 1119 arva..

128 1144 235 1182 Hinc
264 1146 368 1182 sinus
399 1144 590 1188 Herculei,
623 1144 653 1181 si
683 1156 769 1180 vera
799 1150 857 1180 est
886 1143 999 1189 fama,
1031 1143 1188 1180 Tarenti

129 1207 302 1250 cernitur,
333 1206 466 1243 attollit
496 1217 537 1242 se
567 1204 653 1241 diva
683 1204 841 1241 Lacinia
870 1211 1003 1241 contra

129 1264 389 1314 Caulonisque
419 1277 525 1302 arces
555 1271 591 1301 et
620 1263 858 1312 navifragum
889 1263 1126 1312 Scylaceum.

128 1324 234 1361 Tum
263 1323 397 1373 procul
425 1336 446 1361 e
475 1323 592 1360 fluctu
622 1322 821 1359 Trinacria
851 1323 1014 1359 cernitur
1044 1323 1180 1367 Aetna,

128 1391 166 1421 et
193 1383 380 1432 gemitum
409 1384 606 1432 ingentem
635 1382 761 1431 pelagi
790 1382 1012 1430 pulsataque
1042 1394 1133 1418 saxa

128 1443 305 1480 audimus
333 1442 450 1491 longe
478 1442 692 1490 fractasque
721 1441 771 1478 ad
800 1441 908 1478 litora
935 1453 1061 1485 voces,

129 1502 396 1551 exsultantque
425 1501 522 1538 vada
551 1508 665 1548 atque
694 1507 800 1537 aestu
830 1500 1035 1537 miscentur
1064 1500 1239 1537 harenae.

129 1562 179 1599 Et
207 1568 314 1611 pater
343 1561 536 1599 Anchises
567 1560 792 1597 “Nimirum
822 1560 916 1597 haec
946 1560 1007 1596 illa
1037 1559 1273 1609 Charybdis:

129 1624 201 1660 hos
231 1622 406 1660 Helenus
436 1621 627 1670 scopulos,
657 1620 753 1658 haec
783 1632 876 1657 saxa
904 1620 1096 1657 horrenda
1125 1621 1296 1657 canebat.

130 1682 285 1731 Eripite,
316 1694 340 1719 o
370 1681 475 1725 socii,
505 1681 721 1730 pariterque
749 1680 933 1729 insurgite
963 1679 1107 1717 remis.’⁷

131 1741 251 1778 Haud
280 1742 407 1778 minus
436 1753 481 1778 ac
510 1740 600 1777 iussi
629 1739 781 1784 faciunt,
810 1740 1032 1788 primusque
1060 1739 1261 1776 rudentem

132 1801 314 1838 contorsit
341 1800 469 1837 laevas
497 1811 653 1848 proram
682 1798 882 1835 Palinurus
912 1798 961 1835 ad
990 1798 1136 1835 undas:

131 1860 280 1897 laevam
310 1865 448 1896 cuncta
476 1858 617 1896 cohors
645 1858 760 1895 remis
789 1858 988 1906 ventisque
1017 1857 1158 1906 petivit.

133 1918 322 1955 Tollimur
349 1918 387 1954 in
417 1917 566 1954 caelum
596 1924 750 1954 curvato
780 1917 940 1966 gurgite,
971 1923 1007 1953 et
1037 1916 1139 1952 idem

133 1977 320 2015 subducta
348 1977 397 2014 ad
426 1989 560 2013 manes
588 1977 687 2014 imos
717 1976 935 2014 desedimus
963 1975 1078 2012 unda.

134 2037 214 2073 Ter
242 2036 390 2084 scopuli
419 2035 628 2074 clamorem
656 2036 754 2072 inter
782 2047 875 2073 cava
904 2046 996 2071 saxa
1024 2033 1173 2079 dedere,

134 2103 190 2133 ter
219 2106 397 2144 spumam
427 2095 559 2132 elisam
588 2101 625 2132 et
653 2095 823 2132 rorantia
850 2094 1012 2131 vidimus
1043 2099 1154 2129 astra.

135 2154 285 2191 Interea
314 2154 437 2191 sessos
465 2161 600 2191 ventus
629 2166 718 2191 cum
747 2154 828 2191 sole
857 2153 1017 2201 reliquit,

136 2215 334 2263 ignarique
363 2214 445 2251 viae
474 2212 690 2262 Cyclopum
720 2213 918 2250 allabimur
947 2213 1034 2249 oris.

192 2273 352 2310 ‘Portus
381 2273 429 2310 ab
458 2285 617 2310 accessu
645 2279 846 2310 ventorum
876 2272 1059 2309 immotus
1088 2278 1124 2308 et
1153 2272 1290 2320 ingens

137 2334 230 2383 ipse,
261 2334 329 2371 sed
358 2333 543 2370 horrificis
573 2334 678 2370 iuxta
706 2338 815 2370 tonat
841 2331 970 2369 Aetna
999 2332 1126 2378 ruinis,

138 2393 404 2441 interdumque
434 2400 555 2429 atram
583 2391 798 2441 prorumpit
828 2391 877 2427 ad
906 2391 1058 2428 aethera
1088 2392 1231 2428 nubem

139 2452 288 2490 turbine
316 2451 528 2488 fumantem
559 2452 671 2500 piceo
701 2458 738 2488 et
767 2450 955 2488 candente
985 2449 1110 2488 favilla

1437 88 1515 130 139

1453 203 1513 234 535

1453 500 1516 531 540

1456 799 1515 830 545

1455 1097 1519 1128 530

1457 1395 1517 1426 555

1461 1685 1523 1725 560

1463 1980 1524 2022 565

1465 2286 1529 2318 550
