1669 2737
592 538 1070 603 AENEIS.

534 722 723 763 LIBER
766 723 1118 767 SECUNDUS.

137 847 386 885 CONTICUERE
415 860 550 886 omnes
579 849 788 899 intentique
817 862 885 888 ora
913 852 1103 890 tenebant.

135 906 230 944 Inde
258 914 342 944 toro
371 914 478 956 pater
506 908 657 946 Aeneas
686 910 740 946 sic
770 921 879 948 orsus
908 912 956 948 ab
985 911 1087 948 alto:

136 965 374 1009 ‘Infandum
404 966 546 1015 regina,
576 967 684 1004 iubes
713 980 897 1006 renovare
928 969 1116 1008 dolorem.

133 1024 322 1062 Troianas
351 1032 392 1062 ut
421 1037 515 1075 opes
545 1033 581 1063 et
609 1027 850 1065 lamentabile
880 1040 1040 1077 regnum

131 1085 294 1122 eruerint
321 1084 459 1129 Danai,
489 1097 664 1134 quaeque
694 1086 775 1134 ipse
803 1088 1012 1126 miserrima
1039 1088 1115 1125 vidi

130 1150 167 1181 et
194 1155 358 1193 quorum
387 1156 476 1193 pars
504 1156 647 1193 magna
675 1145 736 1182 fui.
796 1145 894 1191 Quis
923 1147 1012 1184 talia
1041 1146 1158 1184 fando

130 1202 419 1251 Myrmidonum
445 1203 690 1252 Dolopumve
723 1211 788 1242 aut
816 1205 899 1242 duri
928 1206 1036 1244 miles
1065 1206 1170 1243 Ulixi

128 1269 316 1311 temperet
344 1274 367 1299 a
395 1262 582 1300 lacrimis?
621 1270 658 1301 et
685 1264 762 1301 iam
791 1276 870 1302 nox
898 1265 1030 1303 umida
1057 1266 1164 1303 caelo

127 1321 351 1371 praecipitat
380 1321 616 1371 suadentque
647 1323 823 1361 cadentia
853 1324 977 1361 sidera
1007 1337 1178 1362 somnos.

129 1380 205 1418 Sed
235 1381 265 1418 si
294 1388 420 1419 tantus
449 1393 559 1419 amor
587 1390 698 1420 casus
729 1395 967 1432 cognoscere
996 1391 1150 1422 nostros

127 1447 164 1477 et
193 1440 352 1478 breviter
380 1439 522 1478 Troiae
552 1453 775 1490 supremum
804 1443 932 1481 audire
962 1443 1144 1489 laborem,

127 1511 361 1549 quamquam
390 1500 540 1537 animus
570 1501 790 1540 meminisse
818 1502 945 1540 horret
973 1503 1155 1553 luctuque
1184 1501 1331 1551 refugit,

126 1559 317 1608 incipiam.
375 1559 500 1596 Fracti
528 1559 629 1597 bello
659 1560 820 1610 fatisque
847 1562 989 1610 repulsi

126 1617 302 1655 ductores
331 1617 524 1663 Danaum,
554 1625 608 1656 tot
638 1619 715 1656 iam
744 1620 956 1658 labentibus
986 1621 1108 1668 annis,

124 1677 243 1714 instar
270 1676 413 1714 montis
443 1689 585 1726 equum
615 1677 740 1716 divina
770 1678 935 1717 Palladis
964 1686 1042 1716 arte

125 1735 326 1774 aedificant
356 1744 535 1785 sectaque
564 1737 738 1774 intexunt
766 1738 890 1775 abiete
919 1746 1069 1776 costas:

124 1802 255 1833 votum
285 1806 355 1845 pro
384 1796 506 1833 reditu
534 1796 724 1842 simulant,
755 1808 800 1834 ea
828 1796 931 1834 sama
959 1804 1127 1846 vagatur.

124 1854 215 1892 Huc
245 1854 392 1892 delecta
421 1855 542 1892 virum
571 1856 690 1893 sortiti
720 1867 883 1905 corpora
911 1855 1039 1893 furtim

124 1914 323 1952 includunt
353 1926 470 1952 caeco
500 1915 617 1961 lateri,
646 1915 873 1964 penitusque
903 1927 1085 1953 cavernas

125 1975 302 2023 ingentes
332 1982 559 2024 uterumque
588 1982 734 2012 armato
763 1975 881 2012 milite
910 1976 1116 2024 complent.

182 2032 271 2070 ‘Est
300 2034 338 2070 in
369 2041 579 2083 conspectu
609 2034 806 2080 Tenedos,
836 2035 1035 2072 notissima
1063 2035 1166 2073 fama

124 2092 255 2138 insula,
288 2092 391 2130 dives
422 2105 552 2142 opum,
585 2093 725 2131 Priami
755 2094 847 2132 dum
874 2106 993 2143 regna
1021 2096 1241 2141 manebant,

124 2164 225 2189 nunc
254 2160 400 2189 tanturn
431 2154 536 2190 sinus
566 2161 603 2191 et
633 2154 744 2191 statio
773 2153 873 2190 male
902 2153 979 2190 fida
1007 2154 1167 2192 carinis:

124 2209 198 2248 huc
228 2223 269 2249 se
299 2212 467 2260 provecti
498 2212 648 2250 deserto
678 2213 718 2249 in
746 2212 854 2250 litore
883 2211 1067 2249 condunt.

124 2270 210 2308 Nos
240 2271 378 2309 abiisse
407 2272 477 2309 rati
507 2280 543 2310 et
572 2279 685 2310 vento
715 2271 869 2321 petiisse
898 2271 1107 2321 Mycenas:

125 2342 217 2379 ergo
247 2331 375 2368 omnis
404 2330 523 2380 longo
553 2332 662 2369 solvit
691 2343 731 2369 se
761 2331 926 2369 Teucria
954 2330 1067 2377 luctu,

124 2389 342 2438 panduntur
371 2397 516 2439 portae,
546 2391 648 2427 iuvat
676 2391 729 2427 ire
759 2396 796 2428 et
824 2389 967 2427 Dorica
995 2396 1117 2427 castra

125 2449 373 2498 desertosque
403 2450 528 2487 videre
558 2450 662 2488 locos
690 2449 855 2499 litusque
883 2448 1065 2487 relictum.

1483 1397 1522 1419 10

1479 1990 1519 2012 20

1478 2286 1518 2317 25
