1669 2737
124 74 200 119 152
693 75 919 111 AENEIS.

120 181 278 230 Thyias,
307 182 372 219 ubi
401 181 530 219 audito
559 182 751 220 stimulant
780 184 964 222 trieterica
993 185 1147 224 Baccho

121 243 227 290 orgia
255 250 540 291 nocturnusque
570 249 680 280 vocat
710 243 876 281 clamore
906 244 1124 284 Cithaeron.

119 301 298 339 Tandem
327 301 384 339 his
414 303 575 339 Aenean
604 303 808 352 compellat
836 305 994 342 vocibus
1022 305 1143 343 ultro:

174 360 444 399 ‘Dissimulare
475 362 588 399 etiam
619 363 786 412 sperasti,
817 363 972 412 perfide,
1001 370 1151 402 tantum
1444 378 1506 412 305

119 433 232 470 posse
261 421 366 458 nefas
396 421 608 470 tacitusque
637 434 724 458 mea
753 422 937 460 decedere
967 424 1089 460 terra?

118 493 190 518 nec
219 488 255 517 te
285 488 414 518 noster
442 492 550 517 amor
579 493 650 517 nec
679 489 716 517 te
747 481 834 518 data
863 481 1018 519 dextera
1047 484 1242 532 quondam

118 552 190 576 nec
218 541 399 577 moritura
428 547 532 577 tenet
562 540 703 577 crudeli
733 540 862 579 funere
890 541 1021 578 Dido?

119 600 210 649 quin
241 600 354 636 etiam
383 599 541 636 hiberno
572 600 714 637 moliris
744 600 865 638 sidere
895 601 1066 648 classem,

118 666 155 696 et
183 659 317 695 mediis
346 671 531 708 properas
560 660 817 708 Aquilonibus
845 661 898 698 ire
927 674 995 710 per
1024 662 1152 705 altum,
1441 678 1505 708 310

118 718 305 756 crudelis?
346 718 476 764 Quid?
517 719 547 755 si
577 731 658 756 non
687 731 775 756 arva
804 719 928 756 aliena
958 721 1173 770 domosque

118 780 269 827 ignotas
299 786 459 828 peteres,
490 785 526 815 et
556 778 675 816 Troia
704 780 859 828 antiqua
887 787 1068 825 maneret,

119 837 238 874 Troia
268 850 334 886 per
362 837 554 874 undosum
585 846 775 887 peteretur
804 838 987 876 classibus
1016 840 1185 888 aequor?

119 897 236 934 Mene
266 897 390 946 fugis?
429 909 498 946 per
527 909 600 946 ego
631 898 699 935 has
729 898 904 935 lacrimas
933 899 1181 948 dextramque
1213 908 1316 937 tuam
1345 907 1394 946 te,

119 956 290 1007 (quando
320 956 420 993 aliud
448 956 540 993 mihi
568 957 644 993 iam
674 957 834 994 miserae
863 957 955 994 nihil
985 957 1066 1006 ipsa
1093 958 1254 1008 reliqui,)
1442 975 1503 1006 315

119 1029 185 1066 per
215 1016 380 1053 conubia
408 1024 548 1059 nostra,
578 1029 645 1065 per
674 1017 848 1065 inceptos
877 1016 1126 1064 hymenaeos,

118 1078 149 1114 si
178 1077 276 1113 bene
307 1076 399 1124 quid
429 1076 475 1112 de
505 1083 540 1113 te
570 1077 702 1120 merui,
732 1075 800 1113 fuit
829 1083 894 1113 aut
923 1077 988 1112 tibi
1018 1078 1224 1125 quicquam

119 1135 229 1173 dulce
257 1147 399 1180 meum,
429 1136 608 1172 miserere
638 1136 777 1172 domus
807 1135 966 1172 labentis
996 1144 1032 1172 et
1061 1136 1184 1180 istam,

119 1207 197 1240 oro,
229 1195 259 1231 si
290 1195 373 1244 quis
404 1194 528 1231 adhuc
559 1195 734 1244 precibus
763 1195 882 1239 locus,
911 1207 1008 1232 exue
1037 1203 1218 1232 mentem.

119 1255 178 1292 Te
208 1261 364 1304 propter
393 1254 558 1303 Libycae
587 1261 722 1304 gentes
753 1254 1054 1303 Nomadumque
1082 1255 1231 1303 tyranni
1443 1271 1505 1301 320

119 1315 244 1359 odere,
276 1313 413 1351 infensi
443 1313 571 1363 Tyrii3
611 1321 647 1351 te
676 1322 833 1363 propter
860 1314 1026 1351 eundern

119 1374 327 1410 exstinctus
358 1373 481 1422 pudor
510 1380 558 1417 et,
590 1386 666 1423 qua
696 1373 776 1410 sola
806 1373 928 1410 sidera
956 1373 1120 1418 adibam,

120 1433 220 1469 fama
249 1432 362 1481 prior.
421 1431 493 1469 Cui
522 1444 584 1469 me
613 1432 883 1469 moribundam
912 1433 1062 1478 deseris,
1093 1432 1260 1482 hospes?

118 1493 193 1529 hoc
223 1492 346 1529 solum
376 1504 519 1529 nomen
548 1493 730 1541 quoniam
761 1492 808 1529 de
839 1492 1002 1540 coniuge
1031 1499 1157 1529 restat.

121 1550 225 1597 Quid
253 1551 408 1587 moror?
447 1563 497 1587 an
525 1564 611 1588 mea
641 1551 866 1600 Pygmalion
897 1551 988 1588 dum
1017 1551 1172 1588 moenia
1200 1550 1311 1589 frater
1442 1568 1502 1599 325

120 1611 298 1654 destruat,
329 1615 393 1646 aut
422 1617 573 1658 captam
604 1610 715 1647 ducat
747 1609 931 1648 Gaetulus
961 1610 1119 1647 Iarbas?

122 1669 264 1706 Saltem
294 1669 323 1706 si
354 1681 431 1718 qua
459 1669 552 1706 mihi
583 1670 630 1707 de
659 1677 695 1707 te
725 1676 902 1717 suscepta
930 1668 1059 1706 fuisset

120 1735 208 1766 ante
238 1728 368 1777 sugam
399 1729 563 1774 suboles,
595 1730 625 1766 si
655 1729 739 1778 quis
768 1729 861 1765 mihi
890 1728 1066 1777 parvulus
1096 1728 1182 1765 aula

119 1788 262 1825 luderet
291 1789 456 1833 Aeneas,
487 1788 552 1837 qui
581 1795 617 1825 te
647 1796 775 1825 tamen
805 1799 870 1825 ore
900 1787 1064 1831 referret,

119 1860 199 1885 non
229 1848 407 1896 equidem
437 1848 596 1885 omnino
627 1855 739 1897 capta
768 1859 812 1884 ac
843 1847 991 1884 deserta
1019 1846 1174 1884 viderer.
1441 1864 1504 1895 330

173 1907 341 1944 Dixerat.
399 1907 466 1944 Ille
495 1907 596 1945 Iovis
625 1908 780 1944 monitis
810 1908 969 1944 immota
997 1907 1151 1944 tenebat

119 1968 265 2005 lumina
293 1975 330 2004 et
359 1968 523 2005 obnixus
554 1980 684 2005 curam
715 1968 786 2004 sub
814 1966 929 2004 corde
959 1967 1164 2015 premebat.

120 2027 302 2064 Tandem
331 2039 453 2076 pauca
482 2027 615 2064 refert:
657 2026 766 2076 ‘Ego
795 2034 831 2063 te
861 2037 958 2075 quae
988 2026 1151 2074 plurima
1180 2025 1297 2064 fando

120 2098 342 2123 enumerare
371 2086 473 2123 vales
502 2098 725 2135 numquam,
755 2085 896 2134 regina,
927 2086 1081 2133 negabo

120 2146 376 2196 promeritam,
407 2158 479 2183 nec
508 2158 570 2184 me
599 2146 820 2183 meminisse
849 2144 993 2194 pigebit
1020 2144 1179 2190 Elissae,
1440 2162 1501 2193 335

121 2205 212 2242 dum
242 2217 391 2241 memor
419 2205 499 2254 ipse
529 2205 616 2250 mei,
647 2204 739 2241 dum
768 2204 918 2253 spiritus
946 2203 1019 2240 hos
1046 2204 1143 2252 regit
1172 2212 1287 2242 artus.

121 2264 196 2302 Pro
225 2276 264 2301 re
292 2276 416 2313 pauca
444 2264 586 2313 loquar.
649 2262 787 2312 Neque
816 2274 890 2312 ego
920 2262 1019 2300 hanc
1048 2263 1285 2301 abscondere
1315 2263 1414 2301 furto

123 2323 267 2373 speravi
297 2323 362 2373 (ne
392 2321 510 2373 finge)
540 2323 682 2372 sugam,
713 2334 785 2360 nec
815 2321 990 2370 coniugis
1020 2334 1203 2372 umquam

122 2382 317 2432 praetendi
346 2382 475 2419 taedas
505 2389 567 2419 aut
596 2382 691 2419 haec
719 2382 759 2418 in
789 2381 940 2418 foedera
967 2381 1064 2418 veni.

123 2441 188 2478 Me
219 2442 249 2479 si
278 2441 353 2478 fata
381 2442 476 2479 meis
505 2448 722 2491 paterentur
750 2440 889 2479 ducere
918 2441 1032 2478 vitam
1441 2456 1503 2487 340
