<?xml version="1.0" encoding="UTF-8"?>
<!DOCTYPE html PUBLIC "-//W3C//DTD XHTML 1.0 Transitional//EN"
    "http://www.w3.org/TR/xhtml1/DTD/xhtml1-transitional.dtd">
<html xmlns="http://www.w3.org/1999/xhtml" xml:lang="en" lang="en">
 <head>
  <title>
</title>
<meta http-equiv="Content-Type" content="text/html;charset=utf-8" />
  <meta name='ocr-system' content='tesseract 3.04.00' />
  <meta name='ocr-capabilities' content='ocr_page ocr_carea ocr_par ocr_line ocrx_word'/>
</head>
<body>
  <div class='ocr_page' id='page_1' title='image "./operavirgilwithi01virguoft_0306.png"; bbox 0 0 1669 2737; ppageno 0'>
   <div class='ocr_carea' id='block_1_1' title="bbox 122 74 928 130">
    <p class='ocr_par' dir='ltr' id='par_1_1' title="bbox 122 74 928 130">
     <span class='ocr_line' id='line_1_1' title="bbox 122 74 928 130; baseline 0.001 -13"><span class='ocrx_word' id='word_1_1' title='bbox 122 74 204 130; x_wconf 84' lang='lat'>238</span> <span class='ocrx_word' id='word_1_2' title='bbox 704 82 928 119; x_wconf 78' lang='lat' dir='ltr'><em>AENEJS.</em></span> 
     </span>
    </p>
   </div>
   <div class='ocr_carea' id='block_1_2' title="bbox 119 189 1299 2483">
    <p class='ocr_par' dir='ltr' id='par_1_2' title="bbox 119 189 1239 298">
     <span class='ocr_line' id='line_1_2' title="bbox 120 189 1239 243; baseline 0.002 -16"><span class='ocrx_word' id='word_1_3' title='bbox 120 189 420 239; x_wconf 83' lang='lat' dir='ltr'><strong>speluncamque</strong></span> <span class='ocrx_word' id='word_1_4' title='bbox 447 190 553 239; x_wconf 91' lang='lat' dir='ltr'>petit,</span> <span class='ocrx_word' id='word_1_5' title='bbox 583 189 745 238; x_wconf 89' lang='lat' dir='ltr'>pedibus</span> <span class='ocrx_word' id='word_1_6' title='bbox 776 190 889 228; x_wconf 90' lang='lat' dir='ltr'>timor</span> <span class='ocrx_word' id='word_1_7' title='bbox 917 189 1064 228; x_wconf 84' lang='lat' dir='ltr'>addidit</span> <span class='ocrx_word' id='word_1_8' title='bbox 1092 190 1183 229; x_wconf 90' lang='lat' dir='ltr'>alas.</span> <span class='ocrx_word' id='word_1_9' title='bbox 1222 195 1239 243; x_wconf 67' lang='grc' dir='ltr'><strong><em>Ι</em></strong></span> 
     </span>
     <span class='ocr_line' id='line_1_3' title="bbox 119 248 1055 298; baseline 0.002 -13"><span class='ocrx_word' id='word_1_10' title='bbox 119 248 172 286; x_wconf 91' lang='lat' dir='ltr'>Ut</span> <span class='ocrx_word' id='word_1_11' title='bbox 201 261 285 286; x_wconf 88' lang='lat' dir='ltr'>sese</span> <span class='ocrx_word' id='word_1_12' title='bbox 313 249 464 286; x_wconf 87' lang='lat' dir='ltr'>inclusit</span> <span class='ocrx_word' id='word_1_13' title='bbox 491 249 685 298; x_wconf 89' lang='lat' dir='ltr'>ruptisque</span> <span class='ocrx_word' id='word_1_14' title='bbox 714 249 882 287; x_wconf 88' lang='lat' dir='ltr'>immane</span> <span class='ocrx_word' id='word_1_15' title='bbox 911 250 1055 287; x_wconf 89' lang='lat' dir='ltr'>catenis</span> 
     </span>
    </p>

    <p class='ocr_par' dir='ltr' id='par_1_3' title="bbox 119 308 1054 416">
     <span class='ocr_line' id='line_1_4' title="bbox 120 308 1054 357; baseline -0.001 -12"><span class='ocrx_word' id='word_1_16' title='bbox 120 308 256 345; x_wconf 92' lang='lat' dir='ltr'>deiecit</span> <span class='ocrx_word' id='word_1_17' title='bbox 285 320 432 353; x_wconf 85' lang='lat' dir='ltr'>saxum,</span> <span class='ocrx_word' id='word_1_18' title='bbox 461 308 559 345; x_wconf 89' lang='lat' dir='ltr'>ferro</span> <span class='ocrx_word' id='word_1_19' title='bbox 589 308 695 357; x_wconf 91' lang='lat' dir='ltr'>quod</span> <span class='ocrx_word' id='word_1_20' title='bbox 723 314 761 344; x_wconf 89' lang='lat' dir='ltr'>et</span> <span class='ocrx_word' id='word_1_21' title='bbox 789 315 867 345; x_wconf 88' lang='lat' dir='ltr'>arte</span> <span class='ocrx_word' id='word_1_22' title='bbox 896 315 1054 357; x_wconf 85' lang='lat' dir='ltr'>paterna</span> 
     </span>
     <span class='ocr_line' id='line_1_5' title="bbox 119 366 1051 416; baseline 0.001 -13"><span class='ocrx_word' id='word_1_23' title='bbox 119 367 321 415; x_wconf 78' lang='lat' dir='ltr'>pendebat,</span> <span class='ocrx_word' id='word_1_24' title='bbox 350 366 541 416; x_wconf 87' lang='lat' dir='ltr'>fultosque</span> <span class='ocrx_word' id='word_1_25' title='bbox 570 368 728 404; x_wconf 90' lang='lat' dir='ltr'>emuniit</span> <span class='ocrx_word' id='word_1_26' title='bbox 757 368 881 404; x_wconf 90' lang='lat' dir='ltr'>obiice</span> <span class='ocrx_word' id='word_1_27' title='bbox 911 374 1051 415; x_wconf 89' lang='lat' dir='ltr'>postes,</span> 
     </span>
    </p>

    <p class='ocr_par' dir='ltr' id='par_1_4' title="bbox 119 426 1203 712">
     <span class='ocr_line' id='line_1_6' title="bbox 119 426 1203 476; baseline 0 -12"><span class='ocrx_word' id='word_1_28' title='bbox 119 438 209 464; x_wconf 91' lang='lat' dir='ltr'>ecce</span> <span class='ocrx_word' id='word_1_29' title='bbox 238 426 365 463; x_wconf 86' lang='lat' dir='ltr'>furens</span> <span class='ocrx_word' id='word_1_30' title='bbox 394 426 529 463; x_wconf 87' lang='lat' dir='ltr'>animis</span> <span class='ocrx_word' id='word_1_31' title='bbox 559 426 688 463; x_wconf 87' lang='lat' dir='ltr'>aderat</span> <span class='ocrx_word' id='word_1_32' title='bbox 716 426 938 475; x_wconf 81' lang='lat' dir='ltr'>Tirynthius</span> <span class='ocrx_word' id='word_1_33' title='bbox 968 438 1203 476; x_wconf 86' lang='lat' dir='ltr'>omnemque</span> 
     </span>
     <span class='ocr_line' id='line_1_7' title="bbox 120 484 1069 530; baseline 0.001 -9"><span class='ocrx_word' id='word_1_34' title='bbox 120 497 319 523; x_wconf 88' lang='lat' dir='ltr'>accessum</span> <span class='ocrx_word' id='word_1_35' title='bbox 348 484 508 522; x_wconf 83' lang='lat' dir='ltr'>lustrans</span> <span class='ocrx_word' id='word_1_36' title='bbox 536 484 611 522; x_wconf 91' lang='lat' dir='ltr'>huc</span> <span class='ocrx_word' id='word_1_37' title='bbox 640 496 707 522; x_wconf 90' lang='lat' dir='ltr'>ora</span> <span class='ocrx_word' id='word_1_38' title='bbox 735 484 878 522; x_wconf 86' lang='lat' dir='ltr'>ferebat</span> <span class='ocrx_word' id='word_1_39' title='bbox 907 492 944 523; x_wconf 89' lang='lat' dir='ltr'>et</span> <span class='ocrx_word' id='word_1_40' title='bbox 971 485 1069 530; x_wconf 90' lang='lat' dir='ltr'>illuc,</span> 
     </span>
     <span class='ocr_line' id='line_1_8' title="bbox 121 543 1123 582; baseline 0 0"><span class='ocrx_word' id='word_1_41' title='bbox 121 545 298 582; x_wconf 79' lang='lat' dir='ltr'>dentibus</span> <span class='ocrx_word' id='word_1_42' title='bbox 327 544 556 582; x_wconf 81' lang='lat' dir='ltr'>infrendens.</span> <span class='ocrx_word' id='word_1_43' title='bbox 613 543 693 581; x_wconf 89' lang='lat' dir='ltr'>Ter</span> <span class='ocrx_word' id='word_1_44' title='bbox 721 551 843 581; x_wconf 90' lang='lat' dir='ltr'>totum</span> <span class='ocrx_word' id='word_1_45' title='bbox 874 544 1038 581; x_wconf 88' lang='lat' dir='ltr'>fervidus</span> <span class='ocrx_word' id='word_1_46' title='bbox 1067 545 1123 582; x_wconf 90' lang='lat' dir='ltr'>ira</span> 
     </span>
     <span class='ocr_line' id='line_1_9' title="bbox 120 605 1089 652; baseline 0 -10"><span class='ocrx_word' id='word_1_47' title='bbox 120 606 251 642; x_wconf 90' lang='lat' dir='ltr'>lustrat</span> <span class='ocrx_word' id='word_1_48' title='bbox 278 605 459 642; x_wconf 89' lang='lat' dir='ltr'>Aventini</span> <span class='ocrx_word' id='word_1_49' title='bbox 488 611 672 648; x_wconf 89' lang='lat' dir='ltr'>montem,</span> <span class='ocrx_word' id='word_1_50' title='bbox 701 610 757 641; x_wconf 88' lang='lat' dir='ltr'>ter</span> <span class='ocrx_word' id='word_1_51' title='bbox 785 616 900 641; x_wconf 83' lang='lat' dir='ltr'>saxea</span> <span class='ocrx_word' id='word_1_52' title='bbox 928 610 1089 652; x_wconf 83' lang='lat' dir='ltr'>temptat</span> 
     </span>
     <span class='ocr_line' id='line_1_10' title="bbox 120 663 1060 712; baseline 0.001 -12"><span class='ocrx_word' id='word_1_53' title='bbox 120 664 252 701; x_wconf 83' lang='lat' dir='ltr'>limina</span> <span class='ocrx_word' id='word_1_54' title='bbox 280 664 524 712; x_wconf 78' lang='lat' dir='ltr'>nequiquam,</span> <span class='ocrx_word' id='word_1_55' title='bbox 554 669 610 700; x_wconf 89' lang='lat' dir='ltr'>ter</span> <span class='ocrx_word' id='word_1_56' title='bbox 639 663 759 700; x_wconf 86' lang='lat' dir='ltr'>fessus</span> <span class='ocrx_word' id='word_1_57' title='bbox 789 663 880 700; x_wconf 90' lang='lat' dir='ltr'>valle</span> <span class='ocrx_word' id='word_1_58' title='bbox 910 664 1060 701; x_wconf 86' lang='lat' dir='ltr'>resedit.</span> 
     </span>
    </p>

    <p class='ocr_par' dir='ltr' id='par_1_5' title="bbox 122 721 1068 887">
     <span class='ocr_line' id='line_1_11' title="bbox 123 721 1061 770; baseline 0.001 -11"><span class='ocrx_word' id='word_1_59' title='bbox 123 722 254 759; x_wconf 81' lang='lat' dir='ltr'>Stabat</span> <span class='ocrx_word' id='word_1_60' title='bbox 283 729 393 759; x_wconf 87' lang='lat' dir='ltr'>acuta</span> <span class='ocrx_word' id='word_1_61' title='bbox 422 722 526 766; x_wconf 84' lang='lat' dir='ltr'>silex,</span> <span class='ocrx_word' id='word_1_62' title='bbox 556 722 735 770; x_wconf 88' lang='lat' dir='ltr'>praecisis</span> <span class='ocrx_word' id='word_1_63' title='bbox 763 721 930 770; x_wconf 89' lang='lat' dir='ltr'>undique</span> <span class='ocrx_word' id='word_1_64' title='bbox 960 722 1061 760; x_wconf 86' lang='lat' dir='ltr'>saxis</span> 
     </span>
     <span class='ocr_line' id='line_1_12' title="bbox 122 780 1047 829; baseline 0 -11"><span class='ocrx_word' id='word_1_65' title='bbox 122 781 326 829; x_wconf 85' lang='lat' dir='ltr'>speluncae</span> <span class='ocrx_word' id='word_1_66' title='bbox 356 781 472 817; x_wconf 87' lang='lat' dir='ltr'>dorso</span> <span class='ocrx_word' id='word_1_67' title='bbox 501 781 715 829; x_wconf 81' lang='lat' dir='ltr'>insurgens,</span> <span class='ocrx_word' id='word_1_68' title='bbox 746 780 926 817; x_wconf 88' lang='lat' dir='ltr'>altissima</span> <span class='ocrx_word' id='word_1_69' title='bbox 954 781 1047 826; x_wconf 82' lang='lat' dir='ltr'>visu,</span> 
     </span>
     <span class='ocr_line' id='line_1_13' title="bbox 122 839 1068 887; baseline 0.001 -11"><span class='ocrx_word' id='word_1_70' title='bbox 122 841 288 876; x_wconf 90' lang='lat' dir='ltr'>dirarum</span> <span class='ocrx_word' id='word_1_71' title='bbox 318 839 416 876; x_wconf 87' lang='lat' dir='ltr'>nidis</span> <span class='ocrx_word' id='word_1_72' title='bbox 447 839 586 876; x_wconf 90' lang='lat' dir='ltr'>domus</span> <span class='ocrx_word' id='word_1_73' title='bbox 615 845 834 887; x_wconf 88' lang='lat' dir='ltr'>opportuna</span> <span class='ocrx_word' id='word_1_74' title='bbox 861 839 1068 877; x_wconf 89' lang='lat' dir='ltr'>volucrum.</span> 
     </span>
    </p>

    <p class='ocr_par' dir='ltr' id='par_1_6' title="bbox 122 898 1298 1064">
     <span class='ocr_line' id='line_1_14' title="bbox 122 898 1298 946; baseline 0.001 -11"><span class='ocrx_word' id='word_1_75' title='bbox 122 898 249 943; x_wconf 88' lang='lat' dir='ltr'>Hanc,</span> <span class='ocrx_word' id='word_1_76' title='bbox 279 905 319 934; x_wconf 91' lang='lat' dir='ltr'>ut</span> <span class='ocrx_word' id='word_1_77' title='bbox 346 909 469 946; x_wconf 87' lang='lat' dir='ltr'>prona</span> <span class='ocrx_word' id='word_1_78' title='bbox 497 898 587 946; x_wconf 87' lang='lat' dir='ltr'>iugo</span> <span class='ocrx_word' id='word_1_79' title='bbox 616 898 763 935; x_wconf 89' lang='lat' dir='ltr'>laevum</span> <span class='ocrx_word' id='word_1_80' title='bbox 792 899 1036 935; x_wconf 82' lang='lat' dir='ltr'>incumbebat</span> <span class='ocrx_word' id='word_1_81' title='bbox 1065 899 1104 935; x_wconf 89' lang='lat' dir='ltr'>in</span> <span class='ocrx_word' id='word_1_82' title='bbox 1133 911 1298 944; x_wconf 85' lang='lat' dir='ltr'>amnem,</span> 
     </span>
     <span class='ocr_line' id='line_1_15' title="bbox 123 957 1108 995; baseline 0 -1"><span class='ocrx_word' id='word_1_83' title='bbox 123 958 255 994; x_wconf 80' lang='lat' dir='ltr'>dexter</span> <span class='ocrx_word' id='word_1_84' title='bbox 283 957 322 992; x_wconf 91' lang='lat' dir='ltr'>in</span> <span class='ocrx_word' id='word_1_85' title='bbox 351 957 550 993; x_wconf 89' lang='lat' dir='ltr'>adversum</span> <span class='ocrx_word' id='word_1_86' title='bbox 579 957 703 994; x_wconf 91' lang='lat' dir='ltr'>nitens</span> <span class='ocrx_word' id='word_1_87' title='bbox 733 958 928 994; x_wconf 87' lang='lat' dir='ltr'>concussit</span> <span class='ocrx_word' id='word_1_88' title='bbox 957 964 993 993; x_wconf 86' lang='lat' dir='ltr'>et</span> <span class='ocrx_word' id='word_1_89' title='bbox 1023 957 1108 995; x_wconf 88' lang='lat' dir='ltr'>imis</span> 
     </span>
     <span class='ocr_line' id='line_1_16' title="bbox 122 1015 985 1064; baseline -0.001 -11"><span class='ocrx_word' id='word_1_90' title='bbox 122 1016 292 1053; x_wconf 83' lang='lat' dir='ltr'>avulsam</span> <span class='ocrx_word' id='word_1_91' title='bbox 321 1015 430 1052; x_wconf 90' lang='lat' dir='ltr'>solvit</span> <span class='ocrx_word' id='word_1_92' title='bbox 460 1015 671 1061; x_wconf 85' lang='lat' dir='ltr'>radicibus;</span> <span class='ocrx_word' id='word_1_93' title='bbox 712 1015 800 1052; x_wconf 89' lang='lat' dir='ltr'>inde</span> <span class='ocrx_word' id='word_1_94' title='bbox 829 1022 985 1064; x_wconf 91' lang='lat' dir='ltr'>repente</span> 
     </span>
    </p>

    <p class='ocr_par' dir='ltr' id='par_1_7' title="bbox 122 1074 1145 1182">
     <span class='ocr_line' id='line_1_17' title="bbox 122 1074 1145 1123; baseline 0 -11"><span class='ocrx_word' id='word_1_95' title='bbox 122 1075 280 1123; x_wconf 88' lang='lat' dir='ltr'>impulit,</span> <span class='ocrx_word' id='word_1_96' title='bbox 309 1074 473 1123; x_wconf 89' lang='lat' dir='ltr'>impulsu</span> <span class='ocrx_word' id='word_1_97' title='bbox 503 1086 580 1122; x_wconf 89' lang='lat' dir='ltr'>quo</span> <span class='ocrx_word' id='word_1_98' title='bbox 610 1075 797 1111; x_wconf 87' lang='lat' dir='ltr'>maximus</span> <span class='ocrx_word' id='word_1_99' title='bbox 827 1075 976 1112; x_wconf 88' lang='lat' dir='ltr'>intonat</span> <span class='ocrx_word' id='word_1_100' title='bbox 1006 1075 1145 1121; x_wconf 86' lang='lat' dir='ltr'>aether,</span> 
     </span>
     <span class='ocr_line' id='line_1_18' title="bbox 122 1134 1068 1182; baseline 0 -11"><span class='ocrx_word' id='word_1_101' title='bbox 122 1134 322 1171; x_wconf 87' lang='lat' dir='ltr'>dissultant</span> <span class='ocrx_word' id='word_1_102' title='bbox 349 1134 453 1182; x_wconf 86' lang='lat' dir='ltr'>ripae</span> <span class='ocrx_word' id='word_1_103' title='bbox 482 1134 679 1182; x_wconf 87' lang='lat' dir='ltr'>refluitque</span> <span class='ocrx_word' id='word_1_104' title='bbox 709 1134 905 1171; x_wconf 80' lang='lat' dir='ltr'>exterritus</span> <span class='ocrx_word' id='word_1_105' title='bbox 933 1135 1068 1171; x_wconf 90' lang='lat' dir='ltr'>amnis.</span> 
     </span>
    </p>

    <p class='ocr_par' dir='ltr' id='par_1_8' title="bbox 122 1192 1073 1242">
     <span class='ocr_line' id='line_1_19' title="bbox 122 1192 1073 1242; baseline 0 -12"><span class='ocrx_word' id='word_1_106' title='bbox 122 1195 174 1230; x_wconf 90' lang='lat' dir='ltr'>At</span> <span class='ocrx_word' id='word_1_107' title='bbox 203 1204 340 1242; x_wconf 87' lang='lat' dir='ltr'>specus</span> <span class='ocrx_word' id='word_1_108' title='bbox 369 1199 406 1229; x_wconf 93' lang='lat' dir='ltr'>et</span> <span class='ocrx_word' id='word_1_109' title='bbox 435 1192 528 1230; x_wconf 87' lang='lat' dir='ltr'>Caci</span> <span class='ocrx_word' id='word_1_110' title='bbox 558 1193 705 1230; x_wconf 84' lang='lat' dir='ltr'>detecta</span> <span class='ocrx_word' id='word_1_111' title='bbox 733 1194 908 1242; x_wconf 88' lang='lat' dir='ltr'>apparuit</span> <span class='ocrx_word' id='word_1_112' title='bbox 938 1193 1073 1241; x_wconf 86' lang='lat' dir='ltr'>ingens</span> 
     </span>
    </p>

    <p class='ocr_par' dir='ltr' id='par_1_9' title="bbox 123 1253 1183 1418">
     <span class='ocr_line' id='line_1_20' title="bbox 123 1253 1138 1302; baseline 0 -12"><span class='ocrx_word' id='word_1_113' title='bbox 123 1253 238 1302; x_wconf 84' lang='lat' dir='ltr'>regia,</span> <span class='ocrx_word' id='word_1_114' title='bbox 269 1260 306 1290; x_wconf 91' lang='lat' dir='ltr'>et</span> <span class='ocrx_word' id='word_1_115' title='bbox 333 1253 537 1289; x_wconf 80' lang='lat' dir='ltr'>umbrosae</span> <span class='ocrx_word' id='word_1_116' title='bbox 568 1253 719 1301; x_wconf 85' lang='lat' dir='ltr'>penitus</span> <span class='ocrx_word' id='word_1_117' title='bbox 748 1259 902 1301; x_wconf 87' lang='lat' dir='ltr'>patuere</span> <span class='ocrx_word' id='word_1_118' title='bbox 931 1265 1138 1290; x_wconf 88' lang='lat' dir='ltr'>cavernae:</span> 
     </span>
     <span class='ocr_line' id='line_1_21' title="bbox 124 1311 1183 1360; baseline 0 -11"><span class='ocrx_word' id='word_1_119' title='bbox 124 1324 203 1349; x_wconf 90' lang='lat' dir='ltr'>non</span> <span class='ocrx_word' id='word_1_120' title='bbox 233 1323 342 1349; x_wconf 92' lang='lat' dir='ltr'>secus</span> <span class='ocrx_word' id='word_1_121' title='bbox 369 1323 413 1348; x_wconf 87' lang='lat' dir='ltr'>ac</span> <span class='ocrx_word' id='word_1_122' title='bbox 443 1312 474 1348; x_wconf 93' lang='lat' dir='ltr'>si</span> <span class='ocrx_word' id='word_1_123' title='bbox 503 1323 580 1359; x_wconf 87' lang='lat' dir='ltr'>qua</span> <span class='ocrx_word' id='word_1_124' title='bbox 608 1312 760 1360; x_wconf 89' lang='lat' dir='ltr'>penitus</span> <span class='ocrx_word' id='word_1_125' title='bbox 789 1312 824 1347; x_wconf 84' lang='lat' dir='ltr'>vi</span> <span class='ocrx_word' id='word_1_126' title='bbox 853 1318 951 1348; x_wconf 86' lang='lat' dir='ltr'>terra</span> <span class='ocrx_word' id='word_1_127' title='bbox 981 1311 1183 1349; x_wconf 87' lang='lat' dir='ltr'>dehiscens</span> 
     </span>
     <span class='ocr_line' id='line_1_22' title="bbox 124 1370 1009 1418; baseline -0.001 -11"><span class='ocrx_word' id='word_1_128' title='bbox 124 1370 289 1407; x_wconf 87' lang='lat' dir='ltr'>infernas</span> <span class='ocrx_word' id='word_1_129' title='bbox 320 1377 459 1406; x_wconf 87' lang='lat' dir='ltr'>reseret</span> <span class='ocrx_word' id='word_1_130' title='bbox 489 1370 600 1407; x_wconf 90' lang='lat' dir='ltr'>sedes</span> <span class='ocrx_word' id='word_1_131' title='bbox 630 1377 666 1407; x_wconf 91' lang='lat' dir='ltr'>et</span> <span class='ocrx_word' id='word_1_132' title='bbox 694 1382 812 1418; x_wconf 81' lang='lat' dir='ltr'>regna</span> <span class='ocrx_word' id='word_1_133' title='bbox 841 1370 1009 1407; x_wconf 89' lang='lat' dir='ltr'>recludat</span> 
     </span>
    </p>

    <p class='ocr_par' dir='ltr' id='par_1_10' title="bbox 124 1428 1181 1536">
     <span class='ocr_line' id='line_1_23' title="bbox 124 1428 1181 1478; baseline -0.002 -12"><span class='ocrx_word' id='word_1_134' title='bbox 124 1429 273 1478; x_wconf 86' lang='lat' dir='ltr'>pallida,</span> <span class='ocrx_word' id='word_1_135' title='bbox 303 1429 360 1465; x_wconf 91' lang='lat' dir='ltr'>dis</span> <span class='ocrx_word' id='word_1_136' title='bbox 389 1429 519 1472; x_wconf 87' lang='lat' dir='ltr'>invisa,</span> <span class='ocrx_word' id='word_1_137' title='bbox 550 1440 738 1478; x_wconf 87' lang='lat' dir='ltr'>superque</span> <span class='ocrx_word' id='word_1_138' title='bbox 767 1429 933 1466; x_wconf 90' lang='lat' dir='ltr'>immane</span> <span class='ocrx_word' id='word_1_139' title='bbox 963 1428 1181 1466; x_wconf 88' lang='lat' dir='ltr'>barathrum</span> 
     </span>
     <span class='ocr_line' id='line_1_24' title="bbox 125 1487 1082 1536; baseline 0.001 -11"><span class='ocrx_word' id='word_1_140' title='bbox 125 1495 307 1533; x_wconf 89' lang='lat' dir='ltr'>cernatur,</span> <span class='ocrx_word' id='word_1_141' title='bbox 339 1487 527 1536; x_wconf 89' lang='lat' dir='ltr'>trepident</span> <span class='ocrx_word' id='word_1_142' title='bbox 557 1488 729 1525; x_wconf 88' lang='lat' dir='ltr'>immisso</span> <span class='ocrx_word' id='word_1_143' title='bbox 758 1488 900 1524; x_wconf 90' lang='lat' dir='ltr'>lumine</span> <span class='ocrx_word' id='word_1_144' title='bbox 931 1487 1082 1526; x_wconf 80' lang='lat' dir='ltr'>Manes.</span> 
     </span>
    </p>

    <p class='ocr_par' dir='ltr' id='par_1_11' title="bbox 125 1547 1183 1773">
     <span class='ocr_line' id='line_1_25' title="bbox 125 1547 1005 1596; baseline -0.001 -11"><span class='ocrx_word' id='word_1_145' title='bbox 125 1547 229 1596; x_wconf 86' lang='lat' dir='ltr'>Ergo</span> <span class='ocrx_word' id='word_1_146' title='bbox 260 1548 449 1595; x_wconf 90' lang='lat' dir='ltr'>insperata</span> <span class='ocrx_word' id='word_1_147' title='bbox 478 1547 709 1595; x_wconf 88' lang='lat' dir='ltr'>deprensum</span> <span class='ocrx_word' id='word_1_148' title='bbox 738 1547 821 1584; x_wconf 88' lang='lat' dir='ltr'>luce</span> <span class='ocrx_word' id='word_1_149' title='bbox 850 1554 1005 1595; x_wconf 89' lang='lat' dir='ltr'>repente</span> 
     </span>
     <span class='ocr_line' id='line_1_26' title="bbox 125 1606 1183 1655; baseline -0.002 -11"><span class='ocrx_word' id='word_1_150' title='bbox 125 1607 389 1655; x_wconf 89' lang='lat' dir='ltr'>inclusumque</span> <span class='ocrx_word' id='word_1_151' title='bbox 413 1618 507 1642; x_wconf 83' lang='lat' dir='ltr'>cavo</span> <span class='ocrx_word' id='word_1_152' title='bbox 537 1618 630 1643; x_wconf 82' lang='lat' dir='ltr'>saxo</span> <span class='ocrx_word' id='word_1_153' title='bbox 661 1614 775 1655; x_wconf 87' lang='lat' dir='ltr'>atque</span> <span class='ocrx_word' id='word_1_154' title='bbox 804 1607 952 1643; x_wconf 86' lang='lat' dir='ltr'>insueta</span> <span class='ocrx_word' id='word_1_155' title='bbox 980 1606 1183 1643; x_wconf 84' lang='lat' dir='ltr'>rudentem</span> 
     </span>
     <span class='ocr_line' id='line_1_27' title="bbox 127 1665 1121 1715; baseline -0.002 -11"><span class='ocrx_word' id='word_1_156' title='bbox 127 1667 290 1715; x_wconf 91' lang='lat' dir='ltr'>desuper</span> <span class='ocrx_word' id='word_1_157' title='bbox 318 1665 472 1703; x_wconf 89' lang='lat' dir='ltr'>Alcides</span> <span class='ocrx_word' id='word_1_158' title='bbox 502 1665 584 1702; x_wconf 88' lang='lat' dir='ltr'>telis</span> <span class='ocrx_word' id='word_1_159' title='bbox 614 1667 750 1714; x_wconf 89' lang='lat' dir='ltr'>premit</span> <span class='ocrx_word' id='word_1_160' title='bbox 779 1667 987 1714; x_wconf 85' lang='lat' dir='ltr'>omniaque</span> <span class='ocrx_word' id='word_1_161' title='bbox 1016 1678 1121 1702; x_wconf 88' lang='lat' dir='ltr'>arma</span> 
     </span>
     <span class='ocr_line' id='line_1_28' title="bbox 127 1725 1105 1773; baseline -0.001 -11"><span class='ocrx_word' id='word_1_162' title='bbox 127 1726 288 1763; x_wconf 87' lang='lat' dir='ltr'>advocat</span> <span class='ocrx_word' id='word_1_163' title='bbox 317 1732 354 1762; x_wconf 92' lang='lat' dir='ltr'>et</span> <span class='ocrx_word' id='word_1_164' title='bbox 382 1725 496 1761; x_wconf 91' lang='lat' dir='ltr'>ramis</span> <span class='ocrx_word' id='word_1_165' title='bbox 526 1725 716 1773; x_wconf 85' lang='lat' dir='ltr'>vastisque</span> <span class='ocrx_word' id='word_1_166' title='bbox 745 1725 952 1761; x_wconf 86' lang='lat' dir='ltr'>molaribus</span> <span class='ocrx_word' id='word_1_167' title='bbox 981 1725 1105 1762; x_wconf 88' lang='lat' dir='ltr'>instat.</span> 
     </span>
    </p>

    <p class='ocr_par' dir='ltr' id='par_1_12' title="bbox 128 1782 1299 1893">
     <span class='ocr_line' id='line_1_29' title="bbox 128 1782 1299 1833; baseline -0.002 -12"><span class='ocrx_word' id='word_1_168' title='bbox 128 1784 195 1821; x_wconf 90' lang='lat' dir='ltr'>Ille</span> <span class='ocrx_word' id='word_1_169' title='bbox 225 1790 351 1821; x_wconf 88' lang='lat' dir='ltr'>autern</span> <span class='ocrx_word' id='word_1_170' title='bbox 381 1783 524 1833; x_wconf 87' lang='lat' dir='ltr'>(neque</span> <span class='ocrx_word' id='word_1_171' title='bbox 552 1784 654 1820; x_wconf 90' lang='lat' dir='ltr'>enim</span> <span class='ocrx_word' id='word_1_172' title='bbox 686 1783 774 1831; x_wconf 83' lang='lat' dir='ltr'>fuga</span> <span class='ocrx_word' id='word_1_173' title='bbox 802 1783 879 1819; x_wconf 84' lang='lat' dir='ltr'>iarn</span> <span class='ocrx_word' id='word_1_174' title='bbox 909 1795 1024 1831; x_wconf 89' lang='lat' dir='ltr'>super</span> <span class='ocrx_word' id='word_1_175' title='bbox 1053 1783 1128 1819; x_wconf 87' lang='lat' dir='ltr'>ulla</span> <span class='ocrx_word' id='word_1_176' title='bbox 1156 1782 1299 1833; x_wconf 90' lang='lat' dir='ltr'>pericli)</span> 
     </span>
     <span class='ocr_line' id='line_1_30' title="bbox 128 1842 1064 1893; baseline -0.005 -10"><span class='ocrx_word' id='word_1_177' title='bbox 128 1845 299 1883; x_wconf 87' lang='lat' dir='ltr'>faucibus</span> <span class='ocrx_word' id='word_1_178' title='bbox 328 1845 523 1891; x_wconf 87' lang='lat' dir='ltr'>ingentem</span> <span class='ocrx_word' id='word_1_179' title='bbox 552 1843 698 1880; x_wconf 89' lang='lat' dir='ltr'>fumum</span> <span class='ocrx_word' id='word_1_180' title='bbox 728 1842 915 1893; x_wconf 87' lang='lat' dir='ltr'>(mirabile</span> <span class='ocrx_word' id='word_1_181' title='bbox 946 1842 1064 1892; x_wconf 86' lang='lat' dir='ltr'>dictu)</span> 
     </span>
    </p>

    <p class='ocr_par' dir='ltr' id='par_1_13' title="bbox 129 1902 1251 2067">
     <span class='ocr_line' id='line_1_31' title="bbox 129 1902 1058 1951; baseline -0.003 -11"><span class='ocrx_word' id='word_1_182' title='bbox 129 1904 268 1941; x_wconf 82' lang='lat' dir='ltr'>evomit</span> <span class='ocrx_word' id='word_1_183' title='bbox 296 1902 525 1951; x_wconf 90' lang='lat' dir='ltr'>involvitque</span> <span class='ocrx_word' id='word_1_184' title='bbox 555 1902 712 1939; x_wconf 88' lang='lat' dir='ltr'>domurn</span> <span class='ocrx_word' id='word_1_185' title='bbox 742 1902 903 1949; x_wconf 82' lang='lat' dir='ltr'>ealigine</span> <span class='ocrx_word' id='word_1_186' title='bbox 932 1913 1058 1946; x_wconf 87' lang='lat' dir='ltr'>caeca,</span> 
     </span>
     <span class='ocr_line' id='line_1_32' title="bbox 129 1961 1251 2011; baseline -0.003 -12"><span class='ocrx_word' id='word_1_187' title='bbox 129 1968 371 2011; x_wconf 86' lang='lat' dir='ltr'>prospectum</span> <span class='ocrx_word' id='word_1_188' title='bbox 401 1962 564 2010; x_wconf 90' lang='lat' dir='ltr'>eripiens</span> <span class='ocrx_word' id='word_1_189' title='bbox 592 1961 722 2005; x_wconf 91' lang='lat' dir='ltr'>oculis,</span> <span class='ocrx_word' id='word_1_190' title='bbox 752 1961 1015 2008; x_wconf 86' lang='lat' dir='ltr'>glomeratque</span> <span class='ocrx_word' id='word_1_191' title='bbox 1044 1961 1114 1997; x_wconf 93' lang='lat' dir='ltr'>sub</span> <span class='ocrx_word' id='word_1_192' title='bbox 1143 1968 1251 1997; x_wconf 86' lang='lat' dir='ltr'>antro</span> 
     </span>
     <span class='ocr_line' id='line_1_33' title="bbox 130 2019 1093 2067; baseline -0.002 -10"><span class='ocrx_word' id='word_1_193' title='bbox 130 2020 341 2058; x_wconf 88' lang='lat' dir='ltr'>fumiferam</span> <span class='ocrx_word' id='word_1_194' title='bbox 369 2027 524 2057; x_wconf 90' lang='lat' dir='ltr'>noctem</span> <span class='ocrx_word' id='word_1_195' title='bbox 553 2020 771 2057; x_wconf 84' lang='lat' dir='ltr'>commixtis</span> <span class='ocrx_word' id='word_1_196' title='bbox 799 2020 888 2067; x_wconf 85' lang='lat' dir='ltr'>igne</span> <span class='ocrx_word' id='word_1_197' title='bbox 917 2019 1093 2055; x_wconf 89' lang='lat' dir='ltr'>tenebris.</span> 
     </span>
    </p>

    <p class='ocr_par' dir='ltr' id='par_1_14' title="bbox 130 2078 1201 2188">
     <span class='ocr_line' id='line_1_34' title="bbox 130 2078 1201 2126; baseline -0.003 -10"><span class='ocrx_word' id='word_1_198' title='bbox 130 2079 223 2116; x_wconf 93' lang='lat' dir='ltr'>Non</span> <span class='ocrx_word' id='word_1_199' title='bbox 252 2079 334 2115; x_wconf 88' lang='lat' dir='ltr'>tulit</span> <span class='ocrx_word' id='word_1_200' title='bbox 361 2078 516 2115; x_wconf 91' lang='lat' dir='ltr'>Alcides</span> <span class='ocrx_word' id='word_1_201' title='bbox 545 2078 693 2122; x_wconf 89' lang='lat' dir='ltr'>animis,</span> <span class='ocrx_word' id='word_1_202' title='bbox 723 2090 839 2126; x_wconf 92' lang='lat' dir='ltr'>seque</span> <span class='ocrx_word' id='word_1_203' title='bbox 867 2078 947 2126; x_wconf 89' lang='lat' dir='ltr'>ipse</span> <span class='ocrx_word' id='word_1_204' title='bbox 977 2089 1044 2126; x_wconf 88' lang='lat' dir='ltr'>per</span> <span class='ocrx_word' id='word_1_205' title='bbox 1072 2078 1201 2125; x_wconf 84' lang='lat' dir='ltr'>ignem</span> 
     </span>
     <span class='ocr_line' id='line_1_35' title="bbox 130 2136 1067 2188; baseline -0.003 -13"><span class='ocrx_word' id='word_1_206' title='bbox 130 2138 325 2188; x_wconf 88' lang='lat' dir='ltr'>praecipiti</span> <span class='ocrx_word' id='word_1_207' title='bbox 354 2138 440 2174; x_wconf 88' lang='lat' dir='ltr'>iecit</span> <span class='ocrx_word' id='word_1_208' title='bbox 470 2137 577 2183; x_wconf 84' lang='lat' dir='ltr'>saltu,</span> <span class='ocrx_word' id='word_1_209' title='bbox 607 2150 682 2186; x_wconf 91' lang='lat' dir='ltr'>qua</span> <span class='ocrx_word' id='word_1_210' title='bbox 711 2137 894 2185; x_wconf 90' lang='lat' dir='ltr'>plurimus</span> <span class='ocrx_word' id='word_1_211' title='bbox 922 2136 1067 2173; x_wconf 87' lang='lat' dir='ltr'>undam</span> 
     </span>
    </p>

    <p class='ocr_par' dir='ltr' id='par_1_15' title="bbox 130 2196 1230 2422">
     <span class='ocr_line' id='line_1_36' title="bbox 130 2196 1230 2245; baseline -0.004 -10"><span class='ocrx_word' id='word_1_212' title='bbox 130 2198 257 2235; x_wconf 87' lang='lat' dir='ltr'>fumus</span> <span class='ocrx_word' id='word_1_213' title='bbox 286 2197 364 2245; x_wconf 87' lang='lat' dir='ltr'>agit</span> <span class='ocrx_word' id='word_1_214' title='bbox 392 2196 605 2245; x_wconf 90' lang='lat' dir='ltr'>nebulaque</span> <span class='ocrx_word' id='word_1_215' title='bbox 635 2197 770 2244; x_wconf 86' lang='lat' dir='ltr'>ingens</span> <span class='ocrx_word' id='word_1_216' title='bbox 800 2207 937 2244; x_wconf 88' lang='lat' dir='ltr'>specus</span> <span class='ocrx_word' id='word_1_217' title='bbox 966 2201 1111 2232; x_wconf 86' lang='lat' dir='ltr'>aestuat</span> <span class='ocrx_word' id='word_1_218' title='bbox 1140 2202 1230 2232; x_wconf 88' lang='lat' dir='ltr'>atra.</span> 
     </span>
     <span class='ocr_line' id='line_1_37' title="bbox 131 2255 1220 2295; baseline -0.004 -1"><span class='ocrx_word' id='word_1_219' title='bbox 131 2257 208 2295; x_wconf 86' lang='lat' dir='ltr'>Hic</span> <span class='ocrx_word' id='word_1_220' title='bbox 238 2256 383 2293; x_wconf 88' lang='lat' dir='ltr'>Cacum</span> <span class='ocrx_word' id='word_1_221' title='bbox 412 2257 450 2292; x_wconf 92' lang='lat' dir='ltr'>in</span> <span class='ocrx_word' id='word_1_222' title='bbox 480 2256 643 2292; x_wconf 89' lang='lat' dir='ltr'>tenebris</span> <span class='ocrx_word' id='word_1_223' title='bbox 673 2255 849 2292; x_wconf 87' lang='lat' dir='ltr'>incendia</span> <span class='ocrx_word' id='word_1_224' title='bbox 877 2267 974 2291; x_wconf 90' lang='lat' dir='ltr'>vana</span> <span class='ocrx_word' id='word_1_225' title='bbox 1002 2260 1220 2291; x_wconf 88' lang='lat' dir='ltr'>vomentem</span> 
     </span>
     <span class='ocr_line' id='line_1_38' title="bbox 132 2313 1205 2365; baseline -0.004 -11"><span class='ocrx_word' id='word_1_226' title='bbox 132 2316 284 2365; x_wconf 87' lang='lat' dir='ltr'>corripit</span> <span class='ocrx_word' id='word_1_227' title='bbox 312 2316 350 2351; x_wconf 88' lang='lat' dir='ltr'>in</span> <span class='ocrx_word' id='word_1_228' title='bbox 379 2315 524 2352; x_wconf 90' lang='lat' dir='ltr'>nodum</span> <span class='ocrx_word' id='word_1_229' title='bbox 554 2314 777 2363; x_wconf 84' lang='lat' dir='ltr'>complexus</span> <span class='ocrx_word' id='word_1_230' title='bbox 807 2321 844 2350; x_wconf 90' lang='lat' dir='ltr'>et</span> <span class='ocrx_word' id='word_1_231' title='bbox 872 2314 976 2361; x_wconf 82' lang='lat' dir='ltr'>angit</span> <span class='ocrx_word' id='word_1_232' title='bbox 1004 2313 1205 2350; x_wconf 87' lang='lat' dir='ltr'>inhaerens</span> 
     </span>
     <span class='ocr_line' id='line_1_39' title="bbox 132 2374 1024 2422; baseline -0.006 -9"><span class='ocrx_word' id='word_1_233' title='bbox 132 2377 245 2414; x_wconf 89' lang='lat' dir='ltr'>elisos</span> <span class='ocrx_word' id='word_1_234' title='bbox 274 2375 406 2412; x_wconf 90' lang='lat' dir='ltr'>oculos</span> <span class='ocrx_word' id='word_1_235' title='bbox 436 2381 472 2411; x_wconf 92' lang='lat' dir='ltr'>et</span> <span class='ocrx_word' id='word_1_236' title='bbox 501 2375 643 2411; x_wconf 85' lang='lat' dir='ltr'>siccum</span> <span class='ocrx_word' id='word_1_237' title='bbox 673 2374 858 2422; x_wconf 82' lang='lat' dir='ltr'>sanguine</span> <span class='ocrx_word' id='word_1_238' title='bbox 886 2380 1024 2422; x_wconf 85' lang='lat' dir='ltr'>guttur.</span> 
     </span>
    </p>

    <p class='ocr_par' dir='ltr' id='par_1_16' title="bbox 132 2430 1173 2483">
     <span class='ocr_line' id='line_1_40' title="bbox 132 2430 1173 2483; baseline -0.004 -11"><span class='ocrx_word' id='word_1_239' title='bbox 132 2435 312 2473; x_wconf 87' lang='lat' dir='ltr'>Panditur</span> <span class='ocrx_word' id='word_1_240' title='bbox 340 2433 531 2483; x_wconf 77' lang='lat' dir='ltr'>extemplo</span> <span class='ocrx_word' id='word_1_241' title='bbox 562 2433 704 2470; x_wconf 86' lang='lat' dir='ltr'>foribus</span> <span class='ocrx_word' id='word_1_242' title='bbox 735 2433 873 2470; x_wconf 89' lang='lat' dir='ltr'>domus</span> <span class='ocrx_word' id='word_1_243' title='bbox 902 2439 979 2470; x_wconf 89' lang='lat' dir='ltr'>atra</span> <span class='ocrx_word' id='word_1_244' title='bbox 1008 2430 1173 2476; x_wconf 85' lang='lat' dir='ltr'>revulsis,</span> 
     </span>
    </p>
   </div>
   <div class='ocr_carea' id='block_1_3' title="bbox 1440 264 1500 296">
    <p class='ocr_par' dir='ltr' id='par_1_17' title="bbox 1440 264 1500 296">
     <span class='ocr_line' id='line_1_41' title="bbox 1440 264 1500 296; baseline -0.017 -9"><span class='ocrx_word' id='word_1_245' title='bbox 1440 264 1500 296; x_wconf 87' lang='lat'>2²5</span> 
     </span>
    </p>
   </div>
   <div class='ocr_carea' id='block_1_4' title="bbox 1440 558 1501 588">
    <p class='ocr_par' dir='ltr' id='par_1_18' title="bbox 1440 558 1501 588">
     <span class='ocr_line' id='line_1_42' title="bbox 1440 558 1501 588; baseline -0.016 -7"><span class='ocrx_word' id='word_1_246' title='bbox 1440 558 1501 588; x_wconf 82' lang='lat'>230</span> 
     </span>
    </p>
   </div>
   <div class='ocr_carea' id='block_1_5' title="bbox 1440 854 1500 886">
    <p class='ocr_par' dir='ltr' id='par_1_19' title="bbox 1440 854 1500 886">
     <span class='ocr_line' id='line_1_43' title="bbox 1440 854 1500 886; baseline 0.033 -2"><span class='ocrx_word' id='word_1_247' title='bbox 1440 854 1500 886; x_wconf 71' lang='lat'>230</span> 
     </span>
    </p>
   </div>
   <div class='ocr_carea' id='block_1_6' title="bbox 1443 1149 1505 1180">
    <p class='ocr_par' dir='ltr' id='par_1_20' title="bbox 1443 1149 1505 1180">
     <span class='ocr_line' id='line_1_44' title="bbox 1443 1149 1505 1180; baseline -0.032 -8"><span class='ocrx_word' id='word_1_248' title='bbox 1443 1149 1505 1180; x_wconf 83' lang='lat'>²40</span> 
     </span>
    </p>
   </div>
   <div class='ocr_carea' id='block_1_7' title="bbox 1442 1443 1502 1474">
    <p class='ocr_par' dir='ltr' id='par_1_21' title="bbox 1442 1443 1502 1474">
     <span class='ocr_line' id='line_1_45' title="bbox 1442 1443 1502 1474; baseline 0.017 -1"><span class='ocrx_word' id='word_1_249' title='bbox 1442 1443 1502 1474; x_wconf 72' lang='lat'>245</span> 
     </span>
    </p>
   </div>
   <div class='ocr_carea' id='block_1_8' title="bbox 1446 1739 1508 1771">
    <p class='ocr_par' dir='ltr' id='par_1_22' title="bbox 1446 1739 1508 1771">
     <span class='ocr_line' id='line_1_46' title="bbox 1446 1739 1508 1771; baseline 0 -10"><span class='ocrx_word' id='word_1_250' title='bbox 1446 1739 1508 1771; x_wconf 84' lang='lat'>250</span> 
     </span>
    </p>
   </div>
   <div class='ocr_carea' id='block_1_9' title="bbox 1448 2034 1508 2065">
    <p class='ocr_par' dir='ltr' id='par_1_23' title="bbox 1448 2034 1508 2065">
     <span class='ocr_line' id='line_1_47' title="bbox 1448 2034 1508 2065; baseline -0.017 0"><span class='ocrx_word' id='word_1_251' title='bbox 1448 2034 1508 2065; x_wconf 79' lang='lat'>255</span> 
     </span>
    </p>
   </div>
   <div class='ocr_carea' id='block_1_10' title="bbox 1450 2319 1511 2350">
    <p class='ocr_par' dir='ltr' id='par_1_24' title="bbox 1450 2319 1511 2350">
     <span class='ocr_line' id='line_1_48' title="bbox 1450 2319 1511 2350; baseline 0 -1"><span class='ocrx_word' id='word_1_252' title='bbox 1450 2319 1511 2350; x_wconf 76' lang='lat'>260</span> 
     </span>
    </p>
   </div>
  </div>
 </body>
</html>
