1669 2737
148 103 198 133 10
702 97 986 134 BUCOLICA.

144 218 216 243 nec
244 205 375 251 Linus,
404 205 491 243 huic
520 211 640 243 mater
668 206 840 254 quamvis
869 212 982 255 atque
1011 205 1098 243 huic
1127 212 1234 256 pater
1263 206 1370 253 adsit,

145 264 290 314 Orphei
319 265 526 314 Calliopea,
557 264 656 302 Lino
686 265 877 302 formosus
906 266 1060 314 Apollo.

145 323 227 360 Pan
256 325 380 369 etiam,
411 324 576 361 Arcadia
604 335 756 361 mecum
785 317 967 362 si‘iudice
996 331 1123 371 certet,

145 383 227 420 Pan
255 384 368 420 etiam
397 383 561 421 Arcadia
589 383 690 421 dicat
719 395 759 420 se
787 384 911 421 iudice
938 385 1090 421 victum.

145 442 287 491 Incipe,
317 455 430 491 parve
459 455 563 491 puer,
593 443 670 480 risu
699 455 935 491 cognoscere
963 451 1147 489 matrem;
1492 451 1534 482 60

143 502 255 538 matri
283 502 400 550 longa
429 501 564 539 decem
592 502 759 539 tulerunt
788 502 937 540 fastidia
965 515 1129 540 menses.

144 560 289 610 Incipe,
319 573 433 610 parve
462 573 580 610 puer:
621 562 680 598 cui
709 573 788 598 non
817 561 932 599 risere
961 570 1148 611 parentes,

144 631 214 657 nec
245 621 339 658 deus
367 620 468 658 hunc
497 633 640 668 mensa,
670 620 742 659 dea
770 633 842 658 nec
872 621 1028 670 dignata
1056 622 1168 659 cubili
1197 628 1265 659 est.

646 814 936 857 ECLOGA
975 815 1030 856 V.

588 939 813 978 MENALcAs.
925 940 1093 979 Mopsus.

196 1046 275 1083 Me.
306 1045 393 1084 CUR
422 1057 514 1090 non,
545 1044 698 1094 Mopse,
728 1045 820 1082 boni
850 1046 1035 1094 quoniam
1065 1046 1312 1083 convenimus
1341 1046 1468 1091 ambo,

142 1112 182 1142 tu
211 1106 378 1143 calamos
407 1105 536 1141 inflare
566 1104 678 1149 leves,
709 1117 782 1153 ego
813 1105 937 1142 dicere
966 1117 1106 1149 versus,

142 1165 203 1203 hic
232 1165 368 1213 corylis
398 1164 536 1201 mixtas
565 1164 662 1200 inter
691 1164 936 1201 consedimus
965 1164 1116 1201 ulmos?

194 1223 274 1261 Mo.
307 1224 371 1261 Tu
399 1224 542 1269 maior;
581 1223 647 1259 tibi
676 1235 737 1259 me
767 1230 822 1260 est
852 1234 1017 1271 aequum
1045 1235 1188 1271 parere,
1219 1222 1410 1268 Menalca,

142 1284 219 1322 sive
249 1284 318 1321 sub
348 1283 511 1320 incertas
543 1282 724 1331 Zephyris
754 1283 989 1319 motantibus
1018 1283 1184 1326 umbras,
1511 1297 1529 1328 5

142 1344 219 1380 sive
248 1350 358 1380 antro
388 1343 516 1391 potius
546 1341 798 1379 succedimus.
857 1341 1012 1390 Aspice,
1041 1348 1082 1378 ut
1112 1349 1260 1379 antrum

142 1402 318 1439 silvestris
348 1402 439 1439 raris
469 1401 604 1450 sparsit
632 1401 806 1438 labrusca
834 1401 1006 1438 racemis.

193 1460 272 1499 Me.
302 1461 502 1498 Montibus
532 1461 571 1496 in
599 1461 738 1497 nostris
769 1460 871 1497 solus
900 1460 968 1497 tibi
997 1467 1113 1498 certat
1141 1460 1339 1508 Amyntas.

193 1520 275 1558 Mo.
308 1520 424 1566 Quid,
455 1520 485 1556 si
514 1520 618 1556 idem
648 1526 762 1556 certet
792 1519 991 1556 Phoebum
1020 1531 1198 1568 superare
1229 1518 1434 1556 canendo?

194 1581 272 1618 Me.
303 1580 446 1629 Incipe,
478 1578 630 1628 Mopse,
660 1579 775 1627 prior,
806 1579 836 1616 si
866 1590 963 1627 quos
992 1585 1057 1615 aut
1085 1577 1266 1626 Phyllidis
1295 1578 1403 1626 ignes
1492 1593 1530 1614 10

141 1648 204 1679 aut
232 1640 392 1677 Alconis
421 1639 540 1676 habes
569 1638 700 1675 laudes
730 1645 793 1675 aut
822 1638 941 1686 iurgia
971 1637 1098 1675 Codri.

140 1700 296 1749 Incipe;
335 1705 538 1747 pascentes
568 1697 729 1734 servabit
758 1696 912 1745 Tityrus
941 1696 1093 1734 haedos.

192 1758 273 1796 Mo.
304 1758 430 1795 Immo
460 1757 566 1801 haec,
596 1757 635 1792 in
664 1756 769 1792 viridi
798 1768 920 1805 nuper
948 1768 1046 1804 quae
1075 1755 1215 1792 cortice
1245 1753 1322 1803 fagi

140 1819 309 1857 carmina
340 1817 523 1866 descripsi
552 1822 589 1853 et
617 1815 821 1852 modulans
851 1815 992 1852 alterna
1020 1815 1159 1860 notavi,

139 1879 319 1928 experiar.
377 1876 441 1913 Tu
471 1875 609 1913 deinde
639 1875 768 1912 iubeto
798 1881 914 1912 certet
942 1874 1143 1923 Amyntas.
1491 1888 1528 1919 15

191 1936 269 1974 Me.
301 1936 424 1974 Lenta
453 1936 547 1972 salix
578 1941 765 1984 quantum
794 1933 948 1982 pallenti
977 1933 1075 1970 cedit
1104 1932 1235 1977 olivae,

137 1996 309 2046 puniceis
338 1995 490 2032 humilis
519 2001 706 2043 quantum
736 1993 904 2030 saliunca
933 1993 1078 2036 rosetis,

136 2056 276 2093 iudicio
306 2062 437 2092 nostro
467 2061 614 2092 tantum
643 2053 709 2090 tibi
739 2052 838 2090 cedit
866 2052 1064 2100 Amyntas.

139 2114 216 2151 Sed
244 2121 283 2150 tu
313 2114 444 2151 desine
472 2113 590 2161 plura,
621 2124 737 2160 puer;
778 2111 1031 2148 successimus
1061 2115 1182 2146 antro.

189 2172 271 2210 Mo.
300 2173 522 2210 Extinctum
551 2171 757 2220 Nymphae
786 2169 926 2207 crudeli
954 2169 1085 2205 funere
1114 2167 1313 2217 Daphnim
1487 2182 1528 2204 ιο

137 2232 278 2269 flebant
307 2230 392 2281 (vos
421 2231 537 2280 coryli
566 2237 680 2267 testes
710 2236 747 2266 et
775 2229 934 2266 fiumina
963 2226 1172 2276 Nymphis)

136 2303 223 2329 curn
253 2290 456 2340 complexa
484 2290 541 2326 sui
570 2300 709 2338 corpus
737 2287 949 2325 miserabile
978 2287 1056 2324 nati

136 2358 250 2400 atque
280 2351 374 2387 deos
403 2356 516 2398 atque
545 2356 643 2386 astra
671 2355 781 2385 vocat
811 2346 978 2385 crudelia
1006 2352 1137 2383 mater.

137 2409 230 2447 Non
258 2409 322 2446 ulli
351 2416 482 2458 pastos
511 2408 580 2445 illis
609 2419 722 2456 egere
752 2407 886 2444 diebus

136 2467 282 2517 frigida,
313 2467 480 2517 Daphni,
510 2467 628 2504 boves
657 2466 706 2503 ad
735 2465 918 2512 flumina3
957 2463 1060 2501 nulla
1089 2474 1215 2512 neque
1244 2474 1398 2500 amnem
1486 2477 1525 2509 25
