1669 2737
622 81 790 117 LIBER
818 82 876 118 II.
907 77 1075 134 458—53
1079 86 1119 130 5.

182 190 271 228 exiit
299 190 574 240 oppositasque
605 191 716 229 evicit
743 191 892 240 gurgite
921 191 1053 238 moles,

181 249 295 287 fertur
322 250 361 286 in
389 262 477 287 arva
505 250 634 288 furens
663 251 816 288 cumulo
845 263 1081 300 camposque
1110 263 1177 300 per
1205 264 1342 290 omnes

180 319 269 345 cum
297 308 453 345 stabulis
482 315 656 346 armenta
683 309 807 347 trahit.
863 309 954 346 Vidi
982 310 1064 359 ipse
1093 309 1280 348 furentem

180 367 298 404 caede
327 367 631 416 Neoptolemum
658 369 914 418 geminosque
942 369 982 405 in
1010 368 1140 406 limine
1169 370 1333 416 Atridas,

178 425 254 462 vidi
282 425 488 463 Hecubam
518 434 750 476 centumque
778 439 898 465 nurus
927 427 1197 477 Priamumque
1226 441 1294 478 per
1323 441 1416 476 aras,

179 485 367 533 sanguine
395 484 618 523 foedantem
647 498 745 535 quos
774 486 857 536 ipse
887 494 1100 524 sacraverat
1127 487 1249 536 ignes.

180 543 474 593 Quinquaginta
501 545 551 581 illi
580 544 747 591 thalami,
779 558 868 594 spes
898 551 1004 583 tanta
1032 554 1230 595 nepotum,

177 604 375 641 barbarico
405 611 536 653 postes
565 617 658 642 auro
689 605 895 654 spoliisque
925 606 1078 654 superbi

176 663 436 712 procubuere;
477 670 607 701 tenent
635 663 773 710 Danai,
803 677 880 714 qua
909 664 1037 702 deficit
1066 665 1176 714 ignis.

232 721 433 760 ‘Forsitan
461 730 498 760 et
526 722 667 760 Priami
696 723 833 761 fuerint
863 736 961 773 quae
991 724 1068 762 fata
1096 725 1277 774 requiras.

176 779 292 819 Urbis
319 781 375 818 uti
404 788 539 831 captae
569 794 701 820 casum
731 783 989 832 convulsaque
1018 784 1109 820 vidit
1302 784 1304 787 “

174 839 307 878 limina
335 847 525 878 tectorum
554 848 590 879 et
618 842 789 879 medium
817 843 856 879 in
885 842 1141 892 penetralibus
1171 843 1332 889 hostem,

173 913 280 938 arma
309 901 374 938 diu
402 902 531 939 senior
559 902 718 940 desueta
744 904 992 940 trementibus
1021 915 1116 940 aevo

176 960 387 998 circumdat
414 961 649 1010 nequiquam
678 962 818 999 umeris
847 970 883 1000 et
912 962 1042 1000 inutile
1072 962 1211 1000 sermm

174 1020 339 1069 cingitur
367 1032 412 1057 ac
443 1020 584 1057 densos
614 1020 730 1057 fertur
758 1022 963 1059 moriturus
993 1022 1033 1058 in
1062 1021 1204 1059 hostes.

173 1079 346 1117 Aedibus
374 1080 415 1117 in
444 1079 579 1117 mediis
608 1079 791 1128 nudoque
822 1082 893 1118 sub
923 1081 1085 1119 aetheris
1115 1093 1188 1118 axe

172 1138 310 1187 ingens
339 1151 405 1176 ara
432 1138 501 1176 fuit
528 1139 709 1188 iuxtaque
738 1140 936 1177 veterrima
964 1140 1102 1186 laurus,

171 1197 401 1235 incumbens
431 1210 518 1236 arae
548 1205 662 1247 atque
690 1199 826 1235 umbra
855 1199 1059 1248 complexa
1087 1199 1262 1237 Penates.

172 1256 251 1294 Hic
281 1257 445 1294 Hecuba
473 1264 511 1295 et
538 1264 650 1294 natae
679 1258 914 1306 nequiquam
943 1259 1072 1296 altaria
1100 1259 1255 1304 circum,

170 1317 398 1365 praecipites
426 1322 507 1354 atra
535 1329 606 1354 ceu
634 1324 860 1366 tempestate
891 1317 1104 1364 columbae,

171 1376 394 1413 condensae
422 1383 460 1413 et
488 1376 617 1413 divum
646 1376 845 1425 amplexae
876 1376 1076 1413 simulacra
1105 1377 1300 1415 sedebant.

170 1433 305 1483 Ipsum
334 1441 462 1472 autem
491 1436 652 1484 sumptis
681 1435 877 1472 Priamum
906 1436 1141 1473 iuvenalibus
1172 1436 1286 1474 armis

169 1501 211 1531 ut
239 1494 340 1540 vidit,
371 1494 518 1541 “Quae
547 1507 658 1532 mens
688 1502 767 1532 tam
796 1495 886 1541 dira,
917 1496 1125 1532 miserrime
1155 1496 1336 1541 coniunx,

168 1553 318 1602 impulit
345 1553 403 1591 his
433 1555 535 1603 cingi
564 1555 672 1592 telis?
711 1561 776 1591 aut
805 1566 883 1603 quo
912 1553 1046 1592 ruis?’'
1085 1554 1216 1604 inquit.

170 1612 300 1650 “Non
328 1613 393 1650 tali
423 1614 564 1651 auxilio
594 1626 666 1651 nec
695 1613 960 1651 defensoribus
990 1613 1070 1651 istis

167 1678 320 1721 tempus
348 1679 444 1721 eget,
476 1685 568 1718 non,
598 1673 628 1710 si
657 1674 740 1721 ipse
769 1685 878 1710 meus
907 1685 1011 1710 nunc
1040 1672 1175 1710 afforet
1205 1671 1363 1710 Hector.

168 1731 260 1770 Huc
288 1733 444 1770 tandem
473 1733 666 1778 concede;
706 1733 802 1770 haec
832 1745 899 1770 ara
928 1733 1092 1770 tuebitur
1121 1745 1270 1779 omnes,

167 1799 232 1829 aut
259 1791 420 1829 moriere
449 1791 593 1828 simul.''
651 1792 713 1829 Sic
745 1804 812 1830 ore
842 1792 956 1829 effata
983 1793 1126 1841 recepit

167 1850 218 1888 ad
246 1862 330 1889 sese
358 1857 397 1888 et
424 1863 531 1889 sacra
558 1851 792 1900 longaevum
821 1852 859 1888 in
890 1851 981 1888 sede
1009 1851 1158 1888 locavit.

219 1909 324 1948 Ecce
352 1917 481 1948 autem
509 1910 662 1960 elapsus
692 1910 825 1960 Pyrrhi
854 1911 901 1948 de
931 1911 1050 1948 caede
1079 1910 1232 1957 Polites,

166 1982 265 2008 unus
293 1976 473 2007 natorum
501 1969 653 2016 Priami,
682 1982 751 2019 per
780 1970 867 2015 tela,
897 1982 966 2019 per
993 1969 1123 2007 hostes

165 2030 375 2080 porticibus
403 2029 529 2079 longis
558 2030 654 2078 fugit
682 2037 720 2068 et
746 2042 868 2067 vacua
897 2029 990 2066 atria
1018 2029 1150 2067 lustrat

166 2089 330 2127 saucius.
386 2089 500 2126 Illum
528 2089 667 2126 ardens
695 2089 834 2126 infesto
863 2088 1019 2126 mlnere
1047 2088 1213 2137 Pyrrhus

166 2149 387 2198 insequitur,
414 2149 494 2186 iam
521 2149 676 2198 iamque
704 2161 824 2185 manu
853 2154 957 2185 tenet
985 2154 1022 2185 et
1050 2148 1189 2197 premit
1216 2147 1334 2186 hasta.

165 2207 220 2245 Ut
249 2208 406 2245 tandem
434 2214 523 2244 ante
551 2207 685 2245 oculos
714 2208 830 2245 evasit
858 2215 895 2244 et
924 2219 991 2244 ora
1018 2214 1230 2255 parentum,

166 2267 334 2305 concidit
361 2279 408 2304 ac
436 2267 557 2304 multo
587 2267 703 2304 vitam
734 2279 823 2304 cum
853 2267 1039 2314 sanguine
1071 2266 1175 2304 fudit.

165 2325 244 2364 Hic
273 2326 458 2372 Priamus,
489 2338 724 2376 quamquam
752 2326 792 2362 in
821 2325 948 2362 media
977 2325 1054 2361 iarn
1082 2333 1205 2363 morte
1233 2333 1392 2372 tenetur,

165 2397 247 2423 non
274 2392 404 2423 tamen
433 2386 624 2430 abstinuit,
654 2397 726 2422 nec
755 2385 841 2421 voci
870 2384 1022 2433 iraeque
1051 2386 1242 2434 pepercit:

167 2445 252 2483 “At
279 2445 346 2483 tibi
374 2456 446 2495 pro
475 2443 651 2492 scelere‚'’
681 2443 880 2490 exclamat,
913 2447 1017 2493 “pro
1046 2444 1182 2482 talibus
1211 2445 1311 2482 ausis

1490 87 1568 132 117

1504 385 1569 417 500

1503 682 1565 714 505

1502 977 1566 1009 510

1501 1275 1561 1306 515

1497 1570 1561 1602 5²0

1495 1867 1555 1899 525

1492 2164 1554 2194 530

1489 2458 1548 2490 535
