1669 2737
515 673 1112 736 BUCOLICA.

630 852 920 894 ECLOGA
963 854 997 893 Ι.

540 960 782 1000 MELmossus.
893 962 1080 999 Tmmus.

173 1040 235 1079 M.
266 1041 429 1088 TITYRE,
458 1050 498 1081 tu
527 1044 678 1092 patulae
707 1044 895 1081 recubans
924 1044 995 1081 sub
1024 1043 1192 1092 tegmine
1222 1041 1298 1092 fagi

121 1101 328 1139 silvestrem
357 1103 461 1140 tenui
489 1115 640 1140 musam
670 1104 863 1140 meditaris
893 1115 1036 1149 avena;

120 1172 193 1198 nos
220 1162 362 1210 patriae
391 1162 487 1199 fines
516 1170 553 1200 et
581 1163 706 1200 dulcia
735 1163 941 1212 linquimus
972 1175 1070 1199 arva.

121 1219 205 1257 Nos
233 1221 392 1269 patriam
421 1221 611 1271 fugimus;
651 1228 702 1267 tu,
734 1221 879 1271 Tityre,
909 1221 1033 1259 lentus
1063 1222 1101 1258 in
1129 1222 1265 1258 umbra

121 1279 330 1317 formosam
360 1293 538 1318 resonare
568 1281 685 1318 doces
714 1281 949 1330 Amaryllida
979 1281 1102 1318 silvas.

180 1338 221 1376 T.
252 1338 288 1377 Ο
317 1339 520 1385 Meliboee,
551 1340 644 1377 deus
673 1341 785 1377 nobis
814 1340 908 1377 haec
938 1341 1014 1376 otia
1043 1339 1142 1377 fecit.

122 1397 301 1447 Namque
329 1399 397 1436 erit
425 1399 485 1436 ille
513 1400 606 1436 mihi
635 1412 785 1448 semper
814 1400 919 1444 deus,
948 1400 1044 1447 illius
1074 1411 1179 1436 aram

123 1469 237 1506 saepe
267 1465 374 1495 tener
402 1459 541 1496 nostris
570 1460 619 1496 ab
648 1460 809 1496 ovilibus
839 1459 982 1496 imbuet
1012 1471 1144 1507 agnus.

123 1516 191 1554 Ille
219 1529 325 1554 meas
355 1530 478 1555 errare
506 1518 636 1563 boves,
666 1524 708 1555 ut
736 1518 868 1563 cernis,
900 1525 936 1554 et
965 1518 1092 1567 ipsum

122 1577 251 1614 ludere
280 1590 378 1627 quae
408 1579 542 1615 vellem
573 1577 721 1616 calamo
751 1579 922 1628 permisit
951 1579 1102 1628 agresti.

177 1636 239 1675 M.
269 1637 361 1675 Non
389 1638 569 1688 equidem
597 1639 761 1683 invideo,
791 1639 907 1675 miror
934 1639 1081 1687 magis:
1122 1638 1291 1687 undique
1322 1639 1411 1676 totis

125 1709 246 1747 usque
273 1697 371 1734 adeo
399 1698 568 1735 turbatur
597 1699 708 1747 agris.
766 1697 828 1734 En
856 1699 937 1747 ipse
968 1698 1133 1746 capellas

125 1764 307 1806 protenus
336 1769 451 1806 aeger
479 1770 576 1806 ago:
616 1758 716 1796 hanc
747 1758 861 1795 etiam
890 1758 962 1803 vix,
994 1758 1139 1807 Tityre,
1171 1757 1282 1795 duco.

126 1816 203 1853 Hic
231 1817 329 1853 inter
358 1816 498 1854 densas
526 1817 676 1866 corylos
705 1817 825 1854 modo
855 1829 1023 1866 namque
1052 1817 1237 1865 gemellos

128 1887 237 1925 spem
266 1877 407 1924 gregis,
437 1876 497 1921 ah,
529 1877 635 1913 silice
659 1877 699 1913 in
727 1877 829 1914 nuda
861 1877 999 1914 conixa
1027 1877 1188 1925 reliquit.

129 1935 252 1984 Saepe
281 1936 425 1972 malum
453 1935 529 1973 hoc
560 1936 681 1982 nobis,
713 1937 742 1973 si
770 1948 881 1973 mens
911 1948 990 1973 non
1018 1936 1126 1973 laeva
1155 1935 1296 1981 fuisset,

129 1996 177 2033 de
205 1995 312 2032 caelo
341 2001 461 2032 tactas
491 1996 649 2033 memini
678 1996 895 2045 praedicere
926 2008 1096 2045 quercus.

129 2052 271 2107 [Saepe
302 2056 452 2093 sinistra
480 2068 572 2093 cava
601 2056 788 2105 praedixit
817 2057 864 2093 ab
895 2056 977 2093 ilice
1008 2051 1170 2107 cornix]

131 2113 207 2152 Sed
236 2121 365 2152 tamen
393 2115 462 2153 iste
493 2116 588 2153 deus
618 2116 682 2165 qui
713 2116 759 2153 sit
789 2115 848 2160 da,
881 2115 1024 2164 Tityre,
1054 2115 1178 2152 nobis.

188 2173 230 2210 T.
259 2173 406 2211 Urbem
435 2187 550 2224 quam
581 2175 711 2213 dicunt
740 2174 920 2219 Romam,
952 2173 1155 2220 Meliboee,
1186 2174 1316 2222 putavi

131 2233 266 2270 stultus
295 2245 369 2282 ego
397 2233 486 2272 huic
515 2231 668 2272 no'strae
697 2234 871 2279 similem,
902 2245 979 2282 quo
1009 2245 1124 2282 saepe
1154 2233 1321 2271 solemus

131 2298 303 2341 pastores
332 2293 460 2330 ovium
489 2300 642 2332 teneros
672 2294 859 2343 depellere
889 2293 997 2330 fetus.

134 2350 196 2388 Sic
224 2352 382 2390 canibus
411 2353 558 2391 catulos
587 2354 740 2399 similes,
771 2353 825 2390 sic
854 2353 1039 2390 matribus
1067 2352 1214 2391 haedos

132 2422 279 2455 noram,
309 2412 363 2448 sic
391 2413 516 2461 parvis
545 2424 779 2462 componere
806 2424 948 2461 magna
976 2412 1159 2450 solebam.

133 2468 280 2506 Verum
308 2470 402 2509 haec
431 2478 579 2509 tantum
608 2472 700 2510 alias
728 2473 825 2509 inter
853 2478 969 2521 caput
996 2472 1126 2510 extulit
1152 2471 1278 2518 urbes,

190 2551 278 2580 VOL.
298 2552 322 2580 1.
596 2552 608 2587 j
620 2538 634 2590 J
790 2544 818 2576 B

1473 1594 1511 1616 10

1473 2188 1512 2210 20
