<?xml version="1.0" encoding="UTF-8"?>
<!DOCTYPE html PUBLIC "-//W3C//DTD XHTML 1.0 Transitional//EN"
    "http://www.w3.org/TR/xhtml1/DTD/xhtml1-transitional.dtd">
<html xmlns="http://www.w3.org/1999/xhtml" xml:lang="en" lang="en">
 <head>
  <title>
</title>
<meta http-equiv="Content-Type" content="text/html;charset=utf-8" />
  <meta name='ocr-system' content='tesseract 3.04.00' />
  <meta name='ocr-capabilities' content='ocr_page ocr_carea ocr_par ocr_line ocrx_word'/>
</head>
<body>
  <div class='ocr_page' id='page_1' title='image "./operavirgilwithi01virguoft_0358.png"; bbox 0 0 1669 2737; ppageno 0'>
   <div class='ocr_carea' id='block_1_1' title="bbox 128 62 944 111">
    <p class='ocr_par' dir='ltr' id='par_1_1' title="bbox 128 62 944 111">
     <span class='ocr_line' id='line_1_1' title="bbox 128 62 944 111; baseline -0.001 -12"><span class='ocrx_word' id='word_1_1' title='bbox 128 69 210 111; x_wconf 84' lang='lat'>290</span> <span class='ocrx_word' id='word_1_2' title='bbox 715 62 944 98; x_wconf 76' lang='lat' dir='ltr'><em>AENEJS.</em></span> 
     </span>
    </p>
   </div>
   <div class='ocr_carea' id='block_1_2' title="bbox 126 171 1398 2472">
    <p class='ocr_par' dir='ltr' id='par_1_2' title="bbox 126 171 1398 2295">
     <span class='ocr_line' id='line_1_2' title="bbox 126 171 1051 221; baseline 0.001 -13"><span class='ocrx_word' id='word_1_3' title='bbox 126 171 240 209; x_wconf 82' lang='lat' dir='ltr'>Forte</span> <span class='ocrx_word' id='word_1_4' title='bbox 268 171 357 209; x_wconf 88' lang='lat' dir='ltr'>ratis</span> <span class='ocrx_word' id='word_1_5' title='bbox 386 171 476 209; x_wconf 88' lang='lat' dir='ltr'>celsi</span> <span class='ocrx_word' id='word_1_6' title='bbox 505 172 712 210; x_wconf 87' lang='lat' dir='ltr'>coniuncta</span> <span class='ocrx_word' id='word_1_7' title='bbox 742 171 938 221; x_wconf 84' lang='lat' dir='ltr'>crepidine</span> <span class='ocrx_word' id='word_1_8' title='bbox 968 171 1051 209; x_wconf 84' lang='lat' dir='ltr'>saxi</span> 
     </span>
     <span class='ocr_line' id='line_1_3' title="bbox 127 230 999 281; baseline 0 -13"><span class='ocrx_word' id='word_1_9' title='bbox 127 230 310 280; x_wconf 81' lang='lat' dir='ltr'>expositis</span> <span class='ocrx_word' id='word_1_10' title='bbox 340 232 464 268; x_wconf 89' lang='lat' dir='ltr'>stabat</span> <span class='ocrx_word' id='word_1_11' title='bbox 495 232 606 269; x_wconf 86' lang='lat' dir='ltr'>scalis</span> <span class='ocrx_word' id='word_1_12' title='bbox 638 237 673 268; x_wconf 88' lang='lat' dir='ltr'>et</span> <span class='ocrx_word' id='word_1_13' title='bbox 703 238 822 281; x_wconf 90' lang='lat' dir='ltr'>ponte</span> <span class='ocrx_word' id='word_1_14' title='bbox 850 238 999 280; x_wconf 87' lang='lat' dir='ltr'>parato,</span> 
     </span>
     <span class='ocr_line' id='line_1_4' title="bbox 128 289 1011 339; baseline 0.001 -12"><span class='ocrx_word' id='word_1_15' title='bbox 128 303 204 339; x_wconf 80' lang='lat' dir='ltr'>qua</span> <span class='ocrx_word' id='word_1_16' title='bbox 232 302 298 327; x_wconf 84' lang='lat' dir='ltr'>rex</span> <span class='ocrx_word' id='word_1_17' title='bbox 328 289 493 328; x_wconf 87' lang='lat' dir='ltr'>Clusinis</span> <span class='ocrx_word' id='word_1_18' title='bbox 523 291 705 329; x_wconf 87' lang='lat' dir='ltr'>advectus</span> <span class='ocrx_word' id='word_1_19' title='bbox 736 290 893 329; x_wconf 84' lang='lat' dir='ltr'>Osinius</span> <span class='ocrx_word' id='word_1_20' title='bbox 923 291 1011 328; x_wconf 87' lang='lat' dir='ltr'>oris.</span> 
     </span>
     <span class='ocr_line' id='line_1_5' title="bbox 128 349 1068 399; baseline 0.002 -13"><span class='ocrx_word' id='word_1_21' title='bbox 128 350 220 387; x_wconf 92' lang='lat' dir='ltr'>Huc</span> <span class='ocrx_word' id='word_1_22' title='bbox 249 361 332 386; x_wconf 90' lang='lat' dir='ltr'>sese</span> <span class='ocrx_word' id='word_1_23' title='bbox 361 349 509 398; x_wconf 87' lang='lat' dir='ltr'>trepida</span> <span class='ocrx_word' id='word_1_24' title='bbox 537 351 697 388; x_wconf 85' lang='lat' dir='ltr'>Aeneae</span> <span class='ocrx_word' id='word_1_25' title='bbox 727 351 906 399; x_wconf 89' lang='lat' dir='ltr'>fugientis</span> <span class='ocrx_word' id='word_1_26' title='bbox 935 351 1068 399; x_wconf 80' lang='lat' dir='ltr'>imago</span> 
     </span>
     <span class='ocr_line' id='line_1_6' title="bbox 129 409 1193 458; baseline 0.002 -12"><span class='ocrx_word' id='word_1_27' title='bbox 129 409 282 447; x_wconf 90' lang='lat' dir='ltr'>coniicit</span> <span class='ocrx_word' id='word_1_28' title='bbox 309 409 348 445; x_wconf 88' lang='lat' dir='ltr'>in</span> <span class='ocrx_word' id='word_1_29' title='bbox 376 409 561 456; x_wconf 83' lang='lat' dir='ltr'>latebras;</span> <span class='ocrx_word' id='word_1_30' title='bbox 602 422 673 448; x_wconf 88' lang='lat' dir='ltr'>nec</span> <span class='ocrx_word' id='word_1_31' title='bbox 703 409 861 448; x_wconf 92' lang='lat' dir='ltr'>Turnus</span> <span class='ocrx_word' id='word_1_32' title='bbox 891 411 1045 458; x_wconf 84' lang='lat' dir='ltr'>segnior</span> <span class='ocrx_word' id='word_1_33' title='bbox 1076 410 1193 448; x_wconf 88' lang='lat' dir='ltr'>instat</span> 
     </span>
     <span class='ocr_line' id='line_1_7' title="bbox 130 469 1129 518; baseline 0.002 -13"><span class='ocrx_word' id='word_1_34' title='bbox 130 476 410 517; x_wconf 83' lang='lat' dir='ltr'>exsuperatque</span> <span class='ocrx_word' id='word_1_35' title='bbox 439 480 567 507; x_wconf 87' lang='lat' dir='ltr'>moras</span> <span class='ocrx_word' id='word_1_36' title='bbox 597 477 633 507; x_wconf 91' lang='lat' dir='ltr'>et</span> <span class='ocrx_word' id='word_1_37' title='bbox 662 476 801 518; x_wconf 89' lang='lat' dir='ltr'>pontes</span> <span class='ocrx_word' id='word_1_38' title='bbox 831 470 992 506; x_wconf 89' lang='lat' dir='ltr'>transilit</span> <span class='ocrx_word' id='word_1_39' title='bbox 1022 469 1129 508; x_wconf 83' lang='lat' dir='ltr'>altos.</span> 
     </span>
     <span class='ocr_line' id='line_1_8' title="bbox 130 528 1164 578; baseline 0.001 -14"><span class='ocrx_word' id='word_1_40' title='bbox 130 528 207 565; x_wconf 78' lang='lat' dir='ltr'>Vix</span> <span class='ocrx_word' id='word_1_41' title='bbox 234 539 388 577; x_wconf 90' lang='lat' dir='ltr'>proram</span> <span class='ocrx_word' id='word_1_42' title='bbox 417 528 611 576; x_wconf 83' lang='lat' dir='ltr'>attigerat:</span> <span class='ocrx_word' id='word_1_43' title='bbox 656 530 798 578; x_wconf 88' lang='lat' dir='ltr'>rumpit</span> <span class='ocrx_word' id='word_1_44' title='bbox 829 529 1005 566; x_wconf 85' lang='lat' dir='ltr'>Saturnia</span> <span class='ocrx_word' id='word_1_45' title='bbox 1033 529 1164 566; x_wconf 87' lang='lat' dir='ltr'>funem</span> 
     </span>
     <span class='ocr_line' id='line_1_9' title="bbox 131 587 1177 638; baseline 0.001 -14"><span class='ocrx_word' id='word_1_46' title='bbox 131 587 377 636; x_wconf 88' lang='lat' dir='ltr'>avulsamque</span> <span class='ocrx_word' id='word_1_47' title='bbox 407 587 504 636; x_wconf 87' lang='lat' dir='ltr'>rapit</span> <span class='ocrx_word' id='word_1_48' title='bbox 532 587 702 624; x_wconf 90' lang='lat' dir='ltr'>revoluta</span> <span class='ocrx_word' id='word_1_49' title='bbox 730 600 798 637; x_wconf 90' lang='lat' dir='ltr'>per</span> <span class='ocrx_word' id='word_1_50' title='bbox 828 600 998 638; x_wconf 87' lang='lat' dir='ltr'>aequora</span> <span class='ocrx_word' id='word_1_51' title='bbox 1027 600 1177 626; x_wconf 90' lang='lat' dir='ltr'>navem.</span> 
     </span>
     <span class='ocr_line' id='line_1_10' title="bbox 133 647 1235 696; baseline 0.002 -14"><span class='ocrx_word' id='word_1_52' title='bbox 133 647 244 683; x_wconf 89' lang='lat' dir='ltr'>Illum</span> <span class='ocrx_word' id='word_1_53' title='bbox 272 653 400 683; x_wconf 88' lang='lat' dir='ltr'>autem</span> <span class='ocrx_word' id='word_1_54' title='bbox 429 647 582 684; x_wconf 85' lang='lat' dir='ltr'>Aeneas</span> <span class='ocrx_word' id='word_1_55' title='bbox 613 647 812 684; x_wconf 89' lang='lat' dir='ltr'>absentem</span> <span class='ocrx_word' id='word_1_56' title='bbox 840 648 879 684; x_wconf 91' lang='lat' dir='ltr'>in</span> <span class='ocrx_word' id='word_1_57' title='bbox 908 647 1054 696; x_wconf 85' lang='lat' dir='ltr'>proelia</span> <span class='ocrx_word' id='word_1_58' title='bbox 1084 647 1208 696; x_wconf 89' lang='lat' dir='ltr'>poscit</span> <span class='ocrx_word' id='word_1_59' title='bbox 1223 659 1235 694; x_wconf 91' lang='lat'>;</span> 
     </span>
     <span class='ocr_line' id='line_1_11' title="bbox 134 705 1087 756; baseline 0 -13"><span class='ocrx_word' id='word_1_60' title='bbox 134 706 246 743; x_wconf 90' lang='lat' dir='ltr'>obvia</span> <span class='ocrx_word' id='word_1_61' title='bbox 273 705 392 742; x_wconf 89' lang='lat' dir='ltr'>multa</span> <span class='ocrx_word' id='word_1_62' title='bbox 421 706 540 742; x_wconf 90' lang='lat' dir='ltr'>virum</span> <span class='ocrx_word' id='word_1_63' title='bbox 571 706 734 743; x_wconf 89' lang='lat' dir='ltr'>demittit</span> <span class='ocrx_word' id='word_1_64' title='bbox 762 718 927 756; x_wconf 87' lang='lat' dir='ltr'>corpora</span> <span class='ocrx_word' id='word_1_65' title='bbox 955 707 1087 743; x_wconf 88' lang='lat' dir='ltr'>morti:</span> 
     </span>
     <span class='ocr_line' id='line_1_12' title="bbox 134 764 1254 815; baseline -0.001 -12"><span class='ocrx_word' id='word_1_66' title='bbox 134 766 238 803; x_wconf 89' lang='lat' dir='ltr'>Tum</span> <span class='ocrx_word' id='word_1_67' title='bbox 268 765 357 802; x_wconf 85' lang='lat' dir='ltr'>levis</span> <span class='ocrx_word' id='word_1_68' title='bbox 385 764 488 801; x_wconf 90' lang='lat' dir='ltr'>haud</span> <span class='ocrx_word' id='word_1_69' title='bbox 515 765 611 802; x_wconf 84' lang='lat' dir='ltr'>ultra</span> <span class='ocrx_word' id='word_1_70' title='bbox 639 765 803 803; x_wconf 88' lang='lat' dir='ltr'>latebras</span> <span class='ocrx_word' id='word_1_71' title='bbox 832 766 908 803; x_wconf 86' lang='lat' dir='ltr'>iam</span> <span class='ocrx_word' id='word_1_72' title='bbox 938 767 1083 815; x_wconf 87' lang='lat' dir='ltr'>quaerit</span> <span class='ocrx_word' id='word_1_73' title='bbox 1112 766 1254 814; x_wconf 85' lang='lat' dir='ltr'>imago,</span> 
     </span>
     <span class='ocr_line' id='line_1_13' title="bbox 135 823 1135 863; baseline -0.001 0"><span class='ocrx_word' id='word_1_74' title='bbox 135 825 203 863; x_wconf 90' lang='lat' dir='ltr'>sed</span> <span class='ocrx_word' id='word_1_75' title='bbox 233 824 392 863; x_wconf 89' lang='lat' dir='ltr'>sublime</span> <span class='ocrx_word' id='word_1_76' title='bbox 422 823 556 860; x_wconf 89' lang='lat' dir='ltr'>volans</span> <span class='ocrx_word' id='word_1_77' title='bbox 586 824 678 860; x_wconf 88' lang='lat' dir='ltr'>nubi</span> <span class='ocrx_word' id='word_1_78' title='bbox 709 836 750 862; x_wconf 87' lang='lat' dir='ltr'>se</span> <span class='ocrx_word' id='word_1_79' title='bbox 779 825 984 862; x_wconf 87' lang='lat' dir='ltr'>immiscuit</span> <span class='ocrx_word' id='word_1_80' title='bbox 1012 833 1135 862; x_wconf 87' lang='lat' dir='ltr'>atrae:</span> 
     </span>
     <span class='ocr_line' id='line_1_14' title="bbox 136 882 1205 933; baseline -0.001 -12"><span class='ocrx_word' id='word_1_81' title='bbox 136 896 225 922; x_wconf 90' lang='lat' dir='ltr'>cum</span> <span class='ocrx_word' id='word_1_82' title='bbox 253 883 429 920; x_wconf 92' lang='lat' dir='ltr'>Turnum</span> <span class='ocrx_word' id='word_1_83' title='bbox 458 882 586 919; x_wconf 92' lang='lat' dir='ltr'>medio</span> <span class='ocrx_word' id='word_1_84' title='bbox 616 883 760 920; x_wconf 88' lang='lat' dir='ltr'>interea</span> <span class='ocrx_word' id='word_1_85' title='bbox 789 883 861 921; x_wconf 88' lang='lat' dir='ltr'>fert</span> <span class='ocrx_word' id='word_1_86' title='bbox 889 895 1056 933; x_wconf 82' lang='lat' dir='ltr'>aequore</span> <span class='ocrx_word' id='word_1_87' title='bbox 1085 884 1205 921; x_wconf 87' lang='lat' dir='ltr'>turbo.</span> 
     </span>
     <span class='ocr_line' id='line_1_15' title="bbox 137 942 1081 992; baseline 0 -11"><span class='ocrx_word' id='word_1_88' title='bbox 137 943 308 992; x_wconf 84' lang='lat' dir='ltr'>Respicit</span> <span class='ocrx_word' id='word_1_89' title='bbox 337 942 492 991; x_wconf 85' lang='lat' dir='ltr'>ignarus</span> <span class='ocrx_word' id='word_1_90' title='bbox 521 954 645 979; x_wconf 91' lang='lat' dir='ltr'>rerum</span> <span class='ocrx_word' id='word_1_91' title='bbox 675 943 922 992; x_wconf 87' lang='lat' dir='ltr'>ingratusque</span> <span class='ocrx_word' id='word_1_92' title='bbox 953 943 1081 981; x_wconf 87' lang='lat' dir='ltr'>salutis</span> 
     </span>
     <span class='ocr_line' id='line_1_16' title="bbox 139 1002 1170 1050; baseline -0.001 -10"><span class='ocrx_word' id='word_1_93' title='bbox 139 1011 175 1040; x_wconf 90' lang='lat' dir='ltr'>et</span> <span class='ocrx_word' id='word_1_94' title='bbox 204 1002 373 1050; x_wconf 88' lang='lat' dir='ltr'>duplices</span> <span class='ocrx_word' id='word_1_95' title='bbox 402 1014 490 1039; x_wconf 85' lang='lat' dir='ltr'>curn</span> <span class='ocrx_word' id='word_1_96' title='bbox 519 1013 614 1038; x_wconf 89' lang='lat' dir='ltr'>voce</span> <span class='ocrx_word' id='word_1_97' title='bbox 643 1014 780 1039; x_wconf 88' lang='lat' dir='ltr'>manus</span> <span class='ocrx_word' id='word_1_98' title='bbox 810 1002 860 1039; x_wconf 92' lang='lat' dir='ltr'>ad</span> <span class='ocrx_word' id='word_1_99' title='bbox 889 1002 1012 1040; x_wconf 86' lang='lat' dir='ltr'>sidera</span> <span class='ocrx_word' id='word_1_100' title='bbox 1041 1003 1170 1040; x_wconf 89' lang='lat' dir='ltr'>tendit.</span> 
     </span>
     <span class='ocr_line' id='line_1_17' title="bbox 139 1060 1276 1110; baseline -0.002 -11"><span class='ocrx_word' id='word_1_101' title='bbox 139 1062 419 1110; x_wconf 88' lang='lat' dir='ltr'>‘Omnipotens</span> <span class='ocrx_word' id='word_1_102' title='bbox 449 1060 622 1106; x_wconf 88' lang='lat' dir='ltr'>Genitor,</span> <span class='ocrx_word' id='word_1_103' title='bbox 652 1062 807 1098; x_wconf 86' lang='lat' dir='ltr'>tanton&#39;</span> <span class='ocrx_word' id='word_1_104' title='bbox 837 1073 899 1098; x_wconf 90' lang='lat' dir='ltr'>me</span> <span class='ocrx_word' id='word_1_105' title='bbox 929 1062 1086 1099; x_wconf 88' lang='lat' dir='ltr'>crimine</span> <span class='ocrx_word' id='word_1_106' title='bbox 1116 1062 1276 1110; x_wconf 91' lang='lat' dir='ltr'>dignum</span> 
     </span>
     <span class='ocr_line' id='line_1_18' title="bbox 138 1119 1094 1169; baseline 0 -11"><span class='ocrx_word' id='word_1_107' title='bbox 138 1121 277 1159; x_wconf 86' lang='lat' dir='ltr'>duxisti</span> <span class='ocrx_word' id='word_1_108' title='bbox 306 1127 343 1157; x_wconf 92' lang='lat' dir='ltr'>et</span> <span class='ocrx_word' id='word_1_109' title='bbox 372 1120 465 1157; x_wconf 90' lang='lat' dir='ltr'>tales</span> <span class='ocrx_word' id='word_1_110' title='bbox 494 1119 643 1156; x_wconf 87' lang='lat' dir='ltr'>voluisti</span> <span class='ocrx_word' id='word_1_111' title='bbox 672 1119 891 1168; x_wconf 85' lang='lat' dir='ltr'>expendere</span> <span class='ocrx_word' id='word_1_112' title='bbox 922 1122 1094 1169; x_wconf 88' lang='lat' dir='ltr'>poenas?</span> 
     </span>
     <span class='ocr_line' id='line_1_19' title="bbox 138 1178 1384 1232; baseline -0.002 -13"><span class='ocrx_word' id='word_1_113' title='bbox 138 1193 216 1232; x_wconf 92' lang='lat' dir='ltr'>quo</span> <span class='ocrx_word' id='word_1_114' title='bbox 246 1179 371 1217; x_wconf 80' lang='lat' dir='ltr'>seror?</span> <span class='ocrx_word' id='word_1_115' title='bbox 409 1178 512 1216; x_wconf 93' lang='lat' dir='ltr'>unde</span> <span class='ocrx_word' id='word_1_116' title='bbox 541 1179 642 1216; x_wconf 87' lang='lat' dir='ltr'>abii?</span> <span class='ocrx_word' id='word_1_117' title='bbox 684 1191 783 1228; x_wconf 91' lang='lat' dir='ltr'>quae</span> <span class='ocrx_word' id='word_1_118' title='bbox 813 1192 875 1216; x_wconf 89' lang='lat' dir='ltr'>me</span> <span class='ocrx_word' id='word_1_119' title='bbox 906 1180 996 1229; x_wconf 85' lang='lat' dir='ltr'>fuga</span> <span class='ocrx_word' id='word_1_120' title='bbox 1025 1192 1186 1229; x_wconf 89' lang='lat' dir='ltr'>quemve</span> <span class='ocrx_word' id='word_1_121' title='bbox 1215 1179 1384 1217; x_wconf 87' lang='lat' dir='ltr'>reducit?</span> 
     </span>
     <span class='ocr_line' id='line_1_20' title="bbox 138 1239 1159 1279; baseline -0.002 -1"><span class='ocrx_word' id='word_1_122' title='bbox 138 1241 398 1279; x_wconf 89' lang='lat' dir='ltr'>Laurentesne</span> <span class='ocrx_word' id='word_1_123' title='bbox 427 1239 562 1275; x_wconf 89' lang='lat' dir='ltr'>iterum</span> <span class='ocrx_word' id='word_1_124' title='bbox 591 1250 721 1276; x_wconf 88' lang='lat' dir='ltr'>muros</span> <span class='ocrx_word' id='word_1_125' title='bbox 751 1245 815 1276; x_wconf 85' lang='lat' dir='ltr'>aut</span> <span class='ocrx_word' id='word_1_126' title='bbox 843 1246 966 1276; x_wconf 87' lang='lat' dir='ltr'>castra</span> <span class='ocrx_word' id='word_1_127' title='bbox 995 1239 1159 1276; x_wconf 85' lang='lat' dir='ltr'>videbo?</span> 
     </span>
     <span class='ocr_line' id='line_1_21' title="bbox 140 1297 1351 1347; baseline -0.002 -11"><span class='ocrx_word' id='word_1_128' title='bbox 140 1299 244 1346; x_wconf 88' lang='lat' dir='ltr'>Quid</span> <span class='ocrx_word' id='word_1_129' title='bbox 273 1309 410 1335; x_wconf 89' lang='lat' dir='ltr'>manus</span> <span class='ocrx_word' id='word_1_130' title='bbox 440 1297 501 1334; x_wconf 88' lang='lat' dir='ltr'>illa</span> <span class='ocrx_word' id='word_1_131' title='bbox 530 1298 663 1342; x_wconf 87' lang='lat' dir='ltr'>virum,</span> <span class='ocrx_word' id='word_1_132' title='bbox 694 1298 758 1346; x_wconf 89' lang='lat' dir='ltr'>qui</span> <span class='ocrx_word' id='word_1_133' title='bbox 786 1310 848 1335; x_wconf 88' lang='lat' dir='ltr'>me</span> <span class='ocrx_word' id='word_1_134' title='bbox 878 1310 1042 1347; x_wconf 87' lang='lat' dir='ltr'>meaque</span> <span class='ocrx_word' id='word_1_135' title='bbox 1071 1310 1178 1336; x_wconf 87' lang='lat' dir='ltr'>arma</span> <span class='ocrx_word' id='word_1_136' title='bbox 1206 1297 1351 1335; x_wconf 84' lang='lat' dir='ltr'>secuti?</span> 
     </span>
     <span class='ocr_line' id='line_1_22' title="bbox 141 1356 1199 1408; baseline -0.001 -12"><span class='ocrx_word' id='word_1_137' title='bbox 141 1371 290 1408; x_wconf 88' lang='lat' dir='ltr'>quosne</span> <span class='ocrx_word' id='word_1_138' title='bbox 321 1356 462 1407; x_wconf 88' lang='lat' dir='ltr'>(nefas)</span> <span class='ocrx_word' id='word_1_139' title='bbox 493 1369 630 1394; x_wconf 90' lang='lat' dir='ltr'>omnes</span> <span class='ocrx_word' id='word_1_140' title='bbox 660 1357 816 1395; x_wconf 89' lang='lat' dir='ltr'>infanda</span> <span class='ocrx_word' id='word_1_141' title='bbox 844 1358 883 1394; x_wconf 92' lang='lat' dir='ltr'>in</span> <span class='ocrx_word' id='word_1_142' title='bbox 912 1365 1036 1395; x_wconf 87' lang='lat' dir='ltr'>morte</span> <span class='ocrx_word' id='word_1_143' title='bbox 1066 1358 1199 1407; x_wconf 90' lang='lat' dir='ltr'>reliqui</span> 
     </span>
     <span class='ocr_line' id='line_1_23' title="bbox 141 1416 1175 1465; baseline -0.002 -9"><span class='ocrx_word' id='word_1_144' title='bbox 141 1426 178 1456; x_wconf 93' lang='lat' dir='ltr'>et</span> <span class='ocrx_word' id='word_1_145' title='bbox 205 1429 307 1455; x_wconf 89' lang='lat' dir='ltr'>nunc</span> <span class='ocrx_word' id='word_1_146' title='bbox 337 1416 509 1465; x_wconf 83' lang='lat' dir='ltr'>palantes</span> <span class='ocrx_word' id='word_1_147' title='bbox 537 1416 649 1453; x_wconf 90' lang='lat' dir='ltr'>video</span> <span class='ocrx_word' id='word_1_148' title='bbox 677 1417 943 1465; x_wconf 84' lang='lat' dir='ltr'>gemitumque</span> <span class='ocrx_word' id='word_1_149' title='bbox 972 1417 1175 1454; x_wconf 83' lang='lat' dir='ltr'>cadentum</span> 
     </span>
     <span class='ocr_line' id='line_1_24' title="bbox 141 1475 1398 1527; baseline -0.002 -12"><span class='ocrx_word' id='word_1_150' title='bbox 141 1478 313 1527; x_wconf 83' lang='lat' dir='ltr'>accipio?</span> <span class='ocrx_word' id='word_1_151' title='bbox 372 1475 477 1522; x_wconf 86' lang='lat' dir='ltr'>Quid</span> <span class='ocrx_word' id='word_1_152' title='bbox 506 1477 606 1524; x_wconf 89' lang='lat' dir='ltr'>ago?</span> <span class='ocrx_word' id='word_1_153' title='bbox 663 1476 741 1513; x_wconf 92' lang='lat' dir='ltr'>Aut</span> <span class='ocrx_word' id='word_1_154' title='bbox 770 1489 869 1526; x_wconf 88' lang='lat' dir='ltr'>quae</span> <span class='ocrx_word' id='word_1_155' title='bbox 899 1477 975 1513; x_wconf 88' lang='lat' dir='ltr'>iam</span> <span class='ocrx_word' id='word_1_156' title='bbox 1005 1477 1093 1513; x_wconf 85' lang='lat' dir='ltr'>satis</span> <span class='ocrx_word' id='word_1_157' title='bbox 1121 1477 1199 1513; x_wconf 88' lang='lat' dir='ltr'>ima</span> <span class='ocrx_word' id='word_1_158' title='bbox 1228 1475 1398 1513; x_wconf 84' lang='lat' dir='ltr'>dehiscat</span> 
     </span>
     <span class='ocr_line' id='line_1_25' title="bbox 142 1536 1164 1585; baseline -0.001 -11"><span class='ocrx_word' id='word_1_159' title='bbox 142 1546 239 1574; x_wconf 82' lang='lat' dir='ltr'>terra</span> <span class='ocrx_word' id='word_1_160' title='bbox 267 1537 384 1574; x_wconf 88' lang='lat' dir='ltr'>mihi?</span> <span class='ocrx_word' id='word_1_161' title='bbox 441 1536 525 1573; x_wconf 92' lang='lat' dir='ltr'>Vos</span> <span class='ocrx_word' id='word_1_162' title='bbox 555 1549 579 1574; x_wconf 94' lang='lat' dir='ltr'>o</span> <span class='ocrx_word' id='word_1_163' title='bbox 607 1536 734 1585; x_wconf 89' lang='lat' dir='ltr'>potius</span> <span class='ocrx_word' id='word_1_164' title='bbox 764 1536 1008 1582; x_wconf 86' lang='lat' dir='ltr'>miserescite,</span> <span class='ocrx_word' id='word_1_165' title='bbox 1038 1537 1164 1574; x_wconf 84' lang='lat' dir='ltr'>venti:</span> 
     </span>
     <span class='ocr_line' id='line_1_26' title="bbox 142 1595 1154 1647; baseline 0 -13"><span class='ocrx_word' id='word_1_166' title='bbox 142 1599 181 1634; x_wconf 88' lang='lat' dir='ltr'>in</span> <span class='ocrx_word' id='word_1_167' title='bbox 209 1609 334 1646; x_wconf 87' lang='lat' dir='ltr'>rupes,</span> <span class='ocrx_word' id='word_1_168' title='bbox 365 1597 403 1633; x_wconf 92' lang='lat' dir='ltr'>in</span> <span class='ocrx_word' id='word_1_169' title='bbox 433 1608 526 1633; x_wconf 84' lang='lat' dir='ltr'>saxa</span> <span class='ocrx_word' id='word_1_170' title='bbox 555 1595 704 1642; x_wconf 77' lang='lat' dir='ltr'>(volens</span> <span class='ocrx_word' id='word_1_171' title='bbox 733 1608 801 1633; x_wconf 91' lang='lat' dir='ltr'>vos</span> <span class='ocrx_word' id='word_1_172' title='bbox 831 1595 987 1634; x_wconf 89' lang='lat' dir='ltr'>Turnus</span> <span class='ocrx_word' id='word_1_173' title='bbox 1017 1595 1154 1647; x_wconf 90' lang='lat' dir='ltr'>adoro)</span> 
     </span>
     <span class='ocr_line' id='line_1_27' title="bbox 143 1655 1114 1705; baseline -0.001 -11"><span class='ocrx_word' id='word_1_174' title='bbox 143 1657 235 1694; x_wconf 87' lang='lat' dir='ltr'>ferte</span> <span class='ocrx_word' id='word_1_175' title='bbox 265 1663 384 1693; x_wconf 89' lang='lat' dir='ltr'>ratem</span> <span class='ocrx_word' id='word_1_176' title='bbox 413 1655 610 1704; x_wconf 88' lang='lat' dir='ltr'>saevisque</span> <span class='ocrx_word' id='word_1_177' title='bbox 640 1655 744 1692; x_wconf 86' lang='lat' dir='ltr'>vadis</span> <span class='ocrx_word' id='word_1_178' title='bbox 774 1656 963 1693; x_wconf 89' lang='lat' dir='ltr'>immittite</span> <span class='ocrx_word' id='word_1_179' title='bbox 994 1657 1114 1705; x_wconf 84' lang='lat' dir='ltr'>syrtis,</span> 
     </span>
     <span class='ocr_line' id='line_1_28' title="bbox 144 1714 1277 1766; baseline 0.001 -12"><span class='ocrx_word' id='word_1_180' title='bbox 144 1729 222 1766; x_wconf 86' lang='lat' dir='ltr'>quo</span> <span class='ocrx_word' id='word_1_181' title='bbox 252 1728 376 1765; x_wconf 90' lang='lat' dir='ltr'>neque</span> <span class='ocrx_word' id='word_1_182' title='bbox 405 1727 468 1752; x_wconf 88' lang='lat' dir='ltr'>me</span> <span class='ocrx_word' id='word_1_183' title='bbox 498 1714 628 1752; x_wconf 89' lang='lat' dir='ltr'>Rutuli</span> <span class='ocrx_word' id='word_1_184' title='bbox 658 1727 730 1753; x_wconf 91' lang='lat' dir='ltr'>nec</span> <span class='ocrx_word' id='word_1_185' title='bbox 759 1716 915 1753; x_wconf 85' lang='lat' dir='ltr'>conscia</span> <span class='ocrx_word' id='word_1_186' title='bbox 945 1715 1046 1753; x_wconf 81' lang='lat' dir='ltr'>fama</span> <span class='ocrx_word' id='word_1_187' title='bbox 1075 1717 1277 1766; x_wconf 84' lang='lat' dir='ltr'>sequatur.&#39;</span> 
     </span>
     <span class='ocr_line' id='line_1_29' title="bbox 145 1773 1360 1821; baseline 0 -8"><span class='ocrx_word' id='word_1_188' title='bbox 145 1776 256 1813; x_wconf 89' lang='lat' dir='ltr'>Haec</span> <span class='ocrx_word' id='word_1_189' title='bbox 285 1786 505 1811; x_wconf 85' lang='lat' dir='ltr'>memorans</span> <span class='ocrx_word' id='word_1_190' title='bbox 534 1774 663 1810; x_wconf 90' lang='lat' dir='ltr'>animo</span> <span class='ocrx_word' id='word_1_191' title='bbox 695 1786 799 1811; x_wconf 90' lang='lat' dir='ltr'>nunc</span> <span class='ocrx_word' id='word_1_192' title='bbox 827 1773 914 1819; x_wconf 90' lang='lat' dir='ltr'>huc,</span> <span class='ocrx_word' id='word_1_193' title='bbox 945 1787 1047 1812; x_wconf 90' lang='lat' dir='ltr'>nunc</span> <span class='ocrx_word' id='word_1_194' title='bbox 1077 1775 1233 1813; x_wconf 81' lang='lat' dir='ltr'>fluctuat</span> <span class='ocrx_word' id='word_1_195' title='bbox 1262 1776 1360 1821; x_wconf 88' lang='lat' dir='ltr'>illuc,</span> 
     </span>
     <span class='ocr_line' id='line_1_30' title="bbox 147 1833 1142 1872; baseline 0 -1"><span class='ocrx_word' id='word_1_196' title='bbox 147 1847 195 1872; x_wconf 88' lang='lat' dir='ltr'>an</span> <span class='ocrx_word' id='word_1_197' title='bbox 225 1845 307 1871; x_wconf 89' lang='lat' dir='ltr'>sese</span> <span class='ocrx_word' id='word_1_198' title='bbox 337 1844 521 1870; x_wconf 88' lang='lat' dir='ltr'>mucrone</span> <span class='ocrx_word' id='word_1_199' title='bbox 551 1833 602 1869; x_wconf 87' lang='lat' dir='ltr'>ob</span> <span class='ocrx_word' id='word_1_200' title='bbox 631 1839 779 1869; x_wconf 89' lang='lat' dir='ltr'>tantum</span> <span class='ocrx_word' id='word_1_201' title='bbox 811 1833 980 1870; x_wconf 90' lang='lat' dir='ltr'>dedecus</span> <span class='ocrx_word' id='word_1_202' title='bbox 1010 1845 1142 1871; x_wconf 89' lang='lat' dir='ltr'>amens</span> 
     </span>
     <span class='ocr_line' id='line_1_31' title="bbox 147 1891 1115 1940; baseline -0.002 -10"><span class='ocrx_word' id='word_1_203' title='bbox 147 1893 279 1930; x_wconf 90' lang='lat' dir='ltr'>induat</span> <span class='ocrx_word' id='word_1_204' title='bbox 307 1898 342 1929; x_wconf 93' lang='lat' dir='ltr'>et</span> <span class='ocrx_word' id='word_1_205' title='bbox 371 1891 531 1928; x_wconf 89' lang='lat' dir='ltr'>crudum</span> <span class='ocrx_word' id='word_1_206' title='bbox 560 1903 628 1940; x_wconf 90' lang='lat' dir='ltr'>per</span> <span class='ocrx_word' id='word_1_207' title='bbox 657 1899 783 1929; x_wconf 88' lang='lat' dir='ltr'>costas</span> <span class='ocrx_word' id='word_1_208' title='bbox 813 1892 942 1940; x_wconf 82' lang='lat' dir='ltr'>exigat</span> <span class='ocrx_word' id='word_1_209' title='bbox 971 1904 1115 1937; x_wconf 83' lang='lat' dir='ltr'>ensem,</span> 
     </span>
     <span class='ocr_line' id='line_1_32' title="bbox 147 1950 1065 1989; baseline -0.001 0"><span class='ocrx_word' id='word_1_210' title='bbox 147 1952 324 1989; x_wconf 83' lang='lat' dir='ltr'>fluctibus</span> <span class='ocrx_word' id='word_1_211' title='bbox 352 1963 401 1987; x_wconf 91' lang='lat' dir='ltr'>an</span> <span class='ocrx_word' id='word_1_212' title='bbox 429 1950 541 1987; x_wconf 88' lang='lat' dir='ltr'>iaciat</span> <span class='ocrx_word' id='word_1_213' title='bbox 569 1950 704 1987; x_wconf 88' lang='lat' dir='ltr'>mediis</span> <span class='ocrx_word' id='word_1_214' title='bbox 733 1959 770 1987; x_wconf 90' lang='lat' dir='ltr'>et</span> <span class='ocrx_word' id='word_1_215' title='bbox 797 1951 907 1988; x_wconf 90' lang='lat' dir='ltr'>litora</span> <span class='ocrx_word' id='word_1_216' title='bbox 935 1951 1065 1988; x_wconf 83' lang='lat' dir='ltr'>nando</span> 
     </span>
     <span class='ocr_line' id='line_1_33' title="bbox 149 2009 1307 2059; baseline 0 -12"><span class='ocrx_word' id='word_1_217' title='bbox 149 2023 262 2048; x_wconf 89' lang='lat' dir='ltr'>curva</span> <span class='ocrx_word' id='word_1_218' title='bbox 290 2016 394 2059; x_wconf 90' lang='lat' dir='ltr'>petat</span> <span class='ocrx_word' id='word_1_219' title='bbox 423 2010 697 2058; x_wconf 91' lang='lat' dir='ltr'>Teucrumque</span> <span class='ocrx_word' id='word_1_220' title='bbox 727 2010 864 2047; x_wconf 84' lang='lat' dir='ltr'>iterum</span> <span class='ocrx_word' id='word_1_221' title='bbox 894 2022 934 2047; x_wconf 88' lang='lat' dir='ltr'>se</span> <span class='ocrx_word' id='word_1_222' title='bbox 964 2009 1095 2046; x_wconf 88' lang='lat' dir='ltr'>reddat</span> <span class='ocrx_word' id='word_1_223' title='bbox 1124 2010 1162 2046; x_wconf 91' lang='lat' dir='ltr'>in</span> <span class='ocrx_word' id='word_1_224' title='bbox 1193 2022 1307 2048; x_wconf 88' lang='lat' dir='ltr'>arma.</span> 
     </span>
     <span class='ocr_line' id='line_1_34' title="bbox 149 2068 1190 2118; baseline -0.002 -11"><span class='ocrx_word' id='word_1_225' title='bbox 149 2070 228 2107; x_wconf 92' lang='lat' dir='ltr'>Ter</span> <span class='ocrx_word' id='word_1_226' title='bbox 255 2076 415 2107; x_wconf 86' lang='lat' dir='ltr'>conatus</span> <span class='ocrx_word' id='word_1_227' title='bbox 445 2076 643 2118; x_wconf 84' lang='lat' dir='ltr'>utramque</span> <span class='ocrx_word' id='word_1_228' title='bbox 672 2069 782 2114; x_wconf 86' lang='lat' dir='ltr'>viam,</span> <span class='ocrx_word' id='word_1_229' title='bbox 814 2078 867 2106; x_wconf 90' lang='lat' dir='ltr'>ter</span> <span class='ocrx_word' id='word_1_230' title='bbox 895 2069 1064 2105; x_wconf 84' lang='lat' dir='ltr'>maxima</span> <span class='ocrx_word' id='word_1_231' title='bbox 1092 2068 1190 2105; x_wconf 91' lang='lat' dir='ltr'>Iuno</span> 
     </span>
     <span class='ocr_line' id='line_1_35' title="bbox 150 2128 1180 2176; baseline -0.002 -9"><span class='ocrx_word' id='word_1_232' title='bbox 150 2129 335 2167; x_wconf 85' lang='lat' dir='ltr'>continuit</span> <span class='ocrx_word' id='word_1_233' title='bbox 364 2128 615 2176; x_wconf 88' lang='lat' dir='ltr'>iuvenemque</span> <span class='ocrx_word' id='word_1_234' title='bbox 645 2128 760 2164; x_wconf 91' lang='lat' dir='ltr'>animi</span> <span class='ocrx_word' id='word_1_235' title='bbox 789 2128 966 2164; x_wconf 88' lang='lat' dir='ltr'>miserata</span> <span class='ocrx_word' id='word_1_236' title='bbox 994 2128 1180 2176; x_wconf 84' lang='lat' dir='ltr'>repressit.</span> 
     </span>
     <span class='ocr_line' id='line_1_36' title="bbox 149 2186 1207 2235; baseline -0.002 -9"><span class='ocrx_word' id='word_1_237' title='bbox 149 2189 304 2226; x_wconf 86' lang='lat' dir='ltr'>Labitur</span> <span class='ocrx_word' id='word_1_238' title='bbox 333 2187 407 2224; x_wconf 87' lang='lat' dir='ltr'>alta</span> <span class='ocrx_word' id='word_1_239' title='bbox 435 2199 570 2223; x_wconf 90' lang='lat' dir='ltr'>secans</span> <span class='ocrx_word' id='word_1_240' title='bbox 599 2186 793 2235; x_wconf 86' lang='lat' dir='ltr'>fluctuque</span> <span class='ocrx_word' id='word_1_241' title='bbox 824 2195 1006 2234; x_wconf 82' lang='lat' dir='ltr'>aestuque</span> <span class='ocrx_word' id='word_1_242' title='bbox 1037 2187 1207 2224; x_wconf 89' lang='lat' dir='ltr'>secundo</span> 
     </span>
     <span class='ocr_line' id='line_1_37' title="bbox 150 2245 1154 2295; baseline -0.002 -11"><span class='ocrx_word' id='word_1_243' title='bbox 150 2255 187 2285; x_wconf 92' lang='lat' dir='ltr'>et</span> <span class='ocrx_word' id='word_1_244' title='bbox 216 2247 329 2295; x_wconf 88' lang='lat' dir='ltr'>patris</span> <span class='ocrx_word' id='word_1_245' title='bbox 359 2245 555 2294; x_wconf 83' lang='lat' dir='ltr'>antiquam</span> <span class='ocrx_word' id='word_1_246' title='bbox 585 2245 712 2282; x_wconf 88' lang='lat' dir='ltr'>Dauni</span> <span class='ocrx_word' id='word_1_247' title='bbox 742 2245 905 2282; x_wconf 90' lang='lat' dir='ltr'>defertur</span> <span class='ocrx_word' id='word_1_248' title='bbox 934 2245 982 2282; x_wconf 93' lang='lat' dir='ltr'>ad</span> <span class='ocrx_word' id='word_1_249' title='bbox 1011 2246 1154 2282; x_wconf 89' lang='lat' dir='ltr'>urbem.</span> 
     </span>
    </p>

    <p class='ocr_par' dir='ltr' id='par_1_3' title="bbox 152 2304 1232 2472">
     <span class='ocr_line' id='line_1_38' title="bbox 203 2304 1150 2342; baseline 0 -1"><span class='ocrx_word' id='word_1_250' title='bbox 203 2307 256 2342; x_wconf 86' lang='lat' dir='ltr'>At</span> <span class='ocrx_word' id='word_1_251' title='bbox 285 2305 386 2341; x_wconf 91' lang='lat' dir='ltr'>Iovis</span> <span class='ocrx_word' id='word_1_252' title='bbox 417 2305 559 2340; x_wconf 87' lang='lat' dir='ltr'>interea</span> <span class='ocrx_word' id='word_1_253' title='bbox 587 2304 741 2341; x_wconf 87' lang='lat' dir='ltr'>monitis</span> <span class='ocrx_word' id='word_1_254' title='bbox 770 2304 985 2342; x_wconf 85' lang='lat' dir='ltr'>Mezentius</span> <span class='ocrx_word' id='word_1_255' title='bbox 1014 2305 1150 2342; x_wconf 86' lang='lat' dir='ltr'>ardens</span> 
     </span>
     <span class='ocr_line' id='line_1_39' title="bbox 152 2362 1153 2412; baseline -0.002 -9"><span class='ocrx_word' id='word_1_256' title='bbox 152 2364 321 2403; x_wconf 85' lang='lat' dir='ltr'>succedit</span> <span class='ocrx_word' id='word_1_257' title='bbox 350 2375 503 2412; x_wconf 82' lang='lat' dir='ltr'>pugnae</span> <span class='ocrx_word' id='word_1_258' title='bbox 533 2362 784 2411; x_wconf 88' lang='lat' dir='ltr'>Teucrosque</span> <span class='ocrx_word' id='word_1_259' title='bbox 813 2363 956 2400; x_wconf 88' lang='lat' dir='ltr'>invadit</span> <span class='ocrx_word' id='word_1_260' title='bbox 985 2372 1153 2401; x_wconf 87' lang='lat' dir='ltr'>ovantes.</span> 
     </span>
     <span class='ocr_line' id='line_1_40' title="bbox 153 2421 1232 2472; baseline -0.003 -10"><span class='ocrx_word' id='word_1_261' title='bbox 153 2424 396 2462; x_wconf 88' lang='lat' dir='ltr'>Concurrunt</span> <span class='ocrx_word' id='word_1_262' title='bbox 425 2421 647 2471; x_wconf 87' lang='lat' dir='ltr'>Tyrrhenae</span> <span class='ocrx_word' id='word_1_263' title='bbox 677 2422 777 2459; x_wconf 85' lang='lat' dir='ltr'>acies</span> <span class='ocrx_word' id='word_1_264' title='bbox 807 2429 918 2472; x_wconf 90' lang='lat' dir='ltr'>atque</span> <span class='ocrx_word' id='word_1_265' title='bbox 948 2422 1127 2460; x_wconf 87' lang='lat' dir='ltr'>omnibus</span> <span class='ocrx_word' id='word_1_266' title='bbox 1156 2423 1232 2470; x_wconf 87' lang='lat' dir='ltr'>uni,</span> 
     </span>
    </p>
   </div>
   <div class='ocr_carea' id='block_1_3' title="bbox 1458 592 1523 625">
    <p class='ocr_par' dir='ltr' id='par_1_4' title="bbox 1458 592 1523 625">
     <span class='ocr_line' id='line_1_41' title="bbox 1458 592 1523 625; baseline -0.031 0"><span class='ocrx_word' id='word_1_267' title='bbox 1458 592 1523 625; x_wconf 89' lang='lat'>660</span> 
     </span>
    </p>
   </div>
   <div class='ocr_carea' id='block_1_4' title="bbox 1459 888 1520 929">
    <p class='ocr_par' dir='ltr' id='par_1_5' title="bbox 1459 888 1520 929">
     <span class='ocr_line' id='line_1_42' title="bbox 1459 888 1520 929; baseline -0.016 -8"><span class='ocrx_word' id='word_1_268' title='bbox 1459 888 1520 929; x_wconf 85' lang='lat'>665</span> 
     </span>
    </p>
   </div>
   <div class='ocr_carea' id='block_1_5' title="bbox 1468 1782 1532 1813">
    <p class='ocr_par' dir='ltr' id='par_1_6' title="bbox 1468 1782 1532 1813">
     <span class='ocr_line' id='line_1_43' title="bbox 1468 1782 1532 1813; baseline -0.016 0"><span class='ocrx_word' id='word_1_269' title='bbox 1468 1782 1532 1813; x_wconf 74' lang='lat'>630</span> 
     </span>
    </p>
   </div>
   <div class='ocr_carea' id='block_1_6' title="bbox 1470 2076 1533 2117">
    <p class='ocr_par' dir='ltr' id='par_1_7' title="bbox 1470 2076 1533 2117">
     <span class='ocr_line' id='line_1_44' title="bbox 1470 2076 1533 2117; baseline -0.048 -8"><span class='ocrx_word' id='word_1_270' title='bbox 1470 2076 1533 2117; x_wconf 80' lang='lat'>635</span> 
     </span>
    </p>
   </div>
   <div class='ocr_carea' id='block_1_7' title="bbox 1472 2369 1535 2411">
    <p class='ocr_par' dir='ltr' id='par_1_8' title="bbox 1472 2369 1535 2411">
     <span class='ocr_line' id='line_1_45' title="bbox 1472 2369 1535 2411; baseline -0.032 -9"><span class='ocrx_word' id='word_1_271' title='bbox 1472 2369 1535 2411; x_wconf 88' lang='lat'>690</span> 
     </span>
    </p>
   </div>
  </div>
 </body>
</html>
