1669 2737
529 55 697 90 LIBER
733 56 841 92 VJJJ.
871 61 895 103 5
901 48 1010 107 3656
1021 63 1083 105 13.

117 165 350 203 incolumem
379 164 548 202 Pallanta
577 164 679 209 mihi,
711 163 741 201 si
769 162 846 200 fata
874 168 1080 207 reservant,

118 225 150 262 si
176 225 321 261 visurus
349 235 438 261 eum
466 224 551 261 vivo
581 229 617 260 et
646 230 823 260 venturus
852 222 891 259 in
921 233 1053 266 unum,

117 283 230 320 vitam
259 294 339 328 oro,
369 283 490 332 patior
521 283 692 332 quemvis
722 282 857 319 durare
885 280 1069 317 laborem.

118 340 185 378 Sin
213 341 379 391 aliquem
408 342 604 380 infandum
635 353 779 386 casum,
809 339 989 383 Fortuna,
1019 339 1184 383 minaris,

116 413 228 446 nunc,
259 412 361 437 nunc
389 412 413 438 0
442 401 551 439 liceat
579 400 772 438 crudelem
801 400 1026 447 abrumpere
1055 398 1181 442 vitam,

116 460 208 497 dum
237 472 349 497 curae
377 461 591 508 ambiguae,
622 461 713 498 dum
742 471 830 508 spes
859 459 1003 495 incerta
1032 456 1157 502 futuri,

116 519 208 556 dum
235 527 284 564 te,
313 531 398 556 care
426 531 530 567 puer,
560 531 646 556 mea
674 530 758 556 sera
786 525 824 555 et
852 517 934 554 sola
963 516 1149 565 voluptas,

116 578 322 626 complexu
350 584 484 624 teneo;
523 579 672 627 gravior
700 590 775 615 neu
803 577 956 613 nuntius
986 587 1096 612 aures

114 637 306 674 vulneret.'
364 637 474 674 Haec
503 638 652 686 genitor
680 637 855 685 digressu
885 636 986 673 dicta
1015 645 1193 683 supremo

114 695 321 734 fundebat:
361 696 490 734 famuli
522 696 733 746 collapsum
762 697 801 732 in
829 702 928 732 tecta
957 694 1141 731 ferebant.

168 754 327 804 Iamque
356 755 453 792 adeo
483 755 623 792 exierat
651 755 770 804 portis
799 755 989 803 equitatus
1018 753 1168 802 apertis,

114 814 267 851 Aeneas
295 814 391 850 inter
419 814 564 862 primos
593 820 630 850 et
659 813 756 850 fidus
785 813 963 857 Achates,

114 873 205 910 inde
232 873 293 909 alii
322 872 463 909 Troiae
491 884 680 920 proceres,
712 873 792 921 ipse
822 872 977 920 agmine
1006 870 1131 907 Pallas

114 931 153 968 in
181 931 319 977 medio,
349 931 549 980 chlamyde
578 939 614 968 et
643 931 753 980 pictis
783 936 1014 979 conspectus
1043 930 1081 965 in
1111 928 1254 966 armis:

114 990 235 1039 qualis
263 991 327 1027 ubi
357 989 504 1028 Oceani
533 990 708 1038 perfusus
737 989 888 1026 Lucifer
916 988 1030 1033 unda,

114 1061 230 1099 quem
259 1050 393 1087 Venus
421 1057 509 1086 ante
538 1049 633 1086 alios
662 1057 849 1086 astrorum
879 1048 997 1096 diligit
1027 1048 1146 1096 ignes,

114 1109 246 1146 extulit
273 1121 318 1146 os
348 1120 499 1146 sacrum
527 1109 633 1145 caelo
663 1109 915 1156 tenebrasque
945 1107 1106 1144 resolvit.

116 1168 226 1205 Stant
253 1168 413 1217 pavidae
442 1169 481 1204 in
510 1168 627 1204 muris
656 1174 794 1204 matres
824 1167 1020 1215 oculisque
1050 1173 1258 1215 sequuntur

114 1227 331 1275 pulveream
361 1227 503 1264 nubem
532 1234 571 1263 et
599 1226 787 1275 fulgentes
817 1238 901 1263 aere
931 1233 1110 1263 catervas.

115 1285 191 1323 Olli
219 1298 286 1335 per
314 1285 465 1331 dumos,
495 1297 570 1334 qua
600 1286 775 1333 proxima
803 1292 904 1321 meta
934 1285 1089 1328 viarum,

114 1346 247 1382 armati
276 1345 437 1382 tendunt
451 1358 463 1391 3
501 1345 529 1381 it
557 1344 710 1389 clamor,
741 1350 778 1380 et
806 1344 960 1391 agmine
990 1343 1089 1380 facto

114 1404 429 1455 quadrupedante
457 1410 608 1452 putrem
637 1403 765 1440 sonitu
793 1403 913 1452 quatit
940 1402 1085 1451 ungula
1113 1414 1304 1450 campum.

114 1466 184 1503 Est
212 1466 348 1514 ingens
377 1464 545 1513 gelidum
574 1464 681 1500 lucus
710 1475 831 1512 prope
863 1463 1021 1500 Caeritis
1053 1474 1219 1507 amnem,

114 1525 298 1573 religione
326 1531 479 1573 patrum
507 1523 581 1560 late
611 1535 740 1568 sacer;
779 1522 948 1571 undique
978 1522 1095 1559 colles

115 1584 299 1621 inclusere
329 1583 410 1620 cavi
439 1590 474 1619 et
503 1584 612 1631 nigra
640 1593 778 1619 nemus
806 1582 928 1618 abiete
958 1583 1127 1629 cingunt.

116 1643 270 1681 Silvano
300 1641 401 1679 fama
430 1647 486 1678 est
516 1648 659 1678 veteres
689 1652 857 1677 sacrasse
888 1640 1083 1689 Pelasgos,

115 1714 292 1740 arvorum
319 1701 547 1750 pecorisque
577 1700 663 1744 deo,
694 1700 899 1749 lucumque
935 1700 1124 1749 diemque,

117 1762 183 1812 qui
210 1761 321 1810 primi
350 1760 445 1797 fines
475 1759 679 1808 aliquando
709 1759 875 1797 habuere
904 1759 1089 1797 Latinos:

117 1821 220 1858 haud
248 1819 381 1869 procul
410 1819 497 1856 hinc
527 1817 683 1856 Tarcho
712 1824 750 1855 et
777 1818 968 1867 Tyrrheni
998 1826 1078 1855 tuta
1107 1820 1288 1856 tenebant

117 1886 240 1918 castra
267 1879 374 1924 locis,
403 1878 582 1928 celsoque
611 1877 737 1915 omnis
767 1878 814 1914 de
844 1878 940 1915 colle
969 1878 1085 1915 videri

117 1940 194 1976 iam
223 1944 371 1987 poterat
400 1937 501 1986 legio
529 1944 566 1982 et
595 1937 678 1974 latis
705 1937 887 1974 tendebat
916 1938 956 1973 in
986 1938 1094 1974 arvis.

119 1998 210 2035 Huc
237 2005 343 2046 pater
372 1998 525 2034 Aeneas
555 2003 591 2034 et
619 1996 719 2034 bello
747 1997 846 2034 lecta
874 1998 1049 2034 iuventus

118 2057 329 2095 succedunt
357 2056 522 2105 fessique
552 2063 589 2093 et
618 2068 738 2105 equos
768 2062 805 2092 et
833 2067 997 2104 corpora
1026 2062 1168 2092 curant.

172 2118 225 2152 At
252 2115 385 2152 Venus
415 2115 602 2152 aetherios
632 2116 728 2152 inter
757 2115 829 2152 dea
858 2114 1022 2151 candida
1050 2115 1204 2152 nimbos

120 2175 224 2213 dona
253 2173 378 2211 ferens
407 2174 561 2220 aderat;
600 2182 810 2223 natumque
839 2174 878 2210 in
906 2173 1000 2210 valle
1029 2173 1185 2210 reducta

118 2242 160 2271 ut
189 2234 323 2282 procul
352 2241 389 2271 et
417 2233 546 2282 gelido
577 2241 766 2271 secretum
795 2233 953 2270 flumine
982 2232 1084 2277 vidit,

120 2293 260 2330 talibus
289 2293 403 2330 affata
431 2300 488 2330 est
517 2293 626 2331 dictis
656 2305 772 2342 seque
802 2292 938 2329 obtulit
967 2291 1087 2329 ultro:

123 2351 206 2388 ‘En
234 2351 402 2400 perfecta
430 2353 506 2389 mei
534 2352 722 2400 promissa
752 2351 928 2399 coniugis
957 2357 1037 2387 arte

122 2423 292 2457 munera,
322 2423 371 2449 ne
394 2422 485 2448 mox
517 2418 581 2448 aut
611 2411 832 2456 Laurentes,
862 2417 959 2456 nate,
991 2411 1175 2460 superbos

1440 464 1502 502 580

1438 758 1498 797 585

1437 1360 1497 1391 595

1441 1649 1505 1679 600

1444 1944 1504 1984 605

1444 2238 1508 2270 610
