1669 2737
562 79 730 114 LIBER
759 78 857 116 XII.
893 73 1099 124 184-260.

146 187 275 234 Quem
304 187 415 225 simul
443 200 488 226 ac
517 188 678 226 Iuturna
707 199 816 225 soror
845 187 1086 224 crebrescere
1116 185 1207 222 vidit

146 258 364 284 sermonem
394 254 430 284 et
458 246 561 295 vulgi
588 247 730 284 variare
760 246 930 282 labantia
960 245 1089 289 corda,

145 305 184 341 in
212 306 359 343 medias
388 305 500 350 acies,
530 305 694 343 formam
724 304 945 342 assimulata
974 302 1141 340 Camerti

145 362 223 414 (cui
250 376 374 413 genus
403 378 425 402 a
453 365 604 414 proavis
633 365 771 413 ingens
801 363 1022 412 clarumque
1052 370 1233 411 paternae

145 437 289 463 nomen
318 432 398 463 erat
426 426 580 471 virtutis,
611 432 648 462 et
677 426 759 474 ipse
789 425 995 462 acerrimus
1025 424 1172 470 armis),

144 486 184 522 in
212 486 359 524 medias
390 486 455 523 dat
484 498 568 523 sese
598 485 700 523 acies
729 485 832 523 haud
863 485 994 523 nescia
1022 496 1159 529 rerum,

145 556 395 594 rumoresque
424 545 511 582 serit
538 544 662 581 varios
693 555 738 582 ac
767 543 856 580 talia
891 543 1006 580 fatur:

147 602 263 640 ‘Non
291 604 420 653 pudet,
451 615 475 640 o
506 602 649 648 Rutuli,
679 614 751 651 pro
783 603 930 640 cunctis
961 603 1098 639 talibus
1127 613 1246 638 unam

147 663 339 702 obiectare
369 663 564 700 animam?
605 674 820 700 numerone
849 675 900 700 an
929 663 1069 699 viribus
1097 663 1209 710 aequi

147 734 227 759 non
256 723 414 760 sumus?
454 734 504 759 en
533 733 670 760 omnes
699 729 737 759 et
767 721 892 759 Troes
923 728 959 758 et
989 721 1160 758 Arcades
1189 720 1227 757 hi
1258 725 1346 757 sunt

146 780 356 830 fatalesque
384 792 533 826 manus,
563 780 713 818 infensa
743 779 893 817 Etruria
924 778 1084 816 Turno:

146 842 208 879 vix
236 841 399 887 hostem,
429 841 562 879 alterni
592 842 623 879 si
653 841 958 890 congrediamur,
989 841 1187 877 habemus.

146 901 217 939 Ille
245 900 402 950 quidem
431 900 480 937 ad
510 913 681 950 superos,
713 913 877 950 quorum
907 913 948 938 se
979 900 1140 937 devovet
1170 898 1253 944 aris,

148 960 328 998 succedet
356 959 460 997 fama
489 961 672 1010 vivusque
701 973 768 1010 per
797 972 865 998 ora
894 959 1057 997 feretur:

147 1032 220 1058 nos
248 1020 370 1070 patria
399 1021 539 1058 amissa
568 1021 734 1058 dominis
763 1033 895 1070 parere
926 1019 1100 1069 superbis

149 1092 343 1129 cogemur,
374 1081 439 1129 qui
468 1092 570 1118 nunc
599 1080 691 1117 lenti
720 1080 967 1118 consedimus
997 1077 1118 1115 arvis.'

149 1139 311 1177 Talibus
339 1141 499 1177 incensa
527 1146 584 1178 est
613 1140 792 1177 iuvenum
824 1139 1011 1177 sententia
1041 1138 1149 1175 dictis

147 1199 224 1236 iam
252 1199 375 1248 magis
404 1207 517 1249 atque
546 1200 680 1248 magis,
713 1199 905 1248 serpitque
936 1210 1004 1247 per
1034 1198 1193 1246 agmina
1223 1208 1415 1241 murmur3

150 1259 223 1307 ipsi
252 1258 466 1296 Laurentes
495 1259 630 1296 mutati
656 1259 805 1308 ipsique
836 1258 973 1295 Latini.

149 1317 228 1364 Qui
257 1318 329 1355 sibi
357 1318 434 1354 iam
461 1318 632 1367 requiem
660 1329 814 1367 pugnae
843 1318 1035 1366 rebusque
1066 1316 1223 1354 salutem

149 1378 364 1426 sperabant,
394 1389 497 1414 nunc
528 1389 634 1414 arma
662 1378 793 1414 volunt
822 1377 1034 1426 foedusque
1064 1383 1267 1425 precantur

148 1436 333 1474 infectum
362 1443 398 1474 et
427 1436 550 1473 Turni
579 1443 721 1474 sortem
751 1437 979 1473 miserantur
1008 1436 1189 1484 iniquam.

150 1495 226 1533 His
254 1495 357 1533 aliud
384 1496 506 1532 maius
536 1495 695 1534 Iuturna
723 1496 895 1545 adiungit
925 1502 961 1532 et
991 1495 1066 1532 alto

149 1555 215 1592 dat
243 1556 398 1604 signum
426 1554 545 1599 caelo,
575 1567 652 1604 quo
682 1567 764 1592 non
794 1556 1031 1604 praesentius
1060 1553 1178 1591 ullum

149 1616 311 1653 turbavit
338 1623 487 1652 mentes
516 1614 630 1652 Italas
659 1622 911 1664 monstroque
941 1614 1080 1652 fefellit.

149 1675 330 1724 Namque
356 1675 489 1712 volans
517 1675 630 1711 rubra
657 1673 781 1711 fulvus
812 1675 914 1711 Iovis
945 1674 1022 1711 ales
1052 1674 1090 1710 in
1120 1673 1251 1710 aethra

149 1735 300 1772 litoreas
328 1735 496 1783 agitabat
527 1746 614 1771 aves
643 1735 872 1783 turbamque
904 1740 1109 1772 sonantem

151 1795 314 1844 agminis
343 1793 485 1842 aligeri,
513 1794 640 1831 subito
671 1806 759 1831 cum
788 1793 918 1842 lapsus
949 1794 997 1830 ad
1026 1793 1150 1830 undas

151 1866 315 1903 cycnum
339 1853 588 1891 excellentem
619 1854 781 1903 pedibus
811 1854 907 1902 rapit
937 1853 1136 1900 improbus
1166 1851 1286 1888 uncis.

152 1916 338 1951 Arrexere
368 1914 517 1950 animos
548 1913 643 1958 Itali,
676 1920 914 1961 cunctaeque
943 1912 1116 1949 volucres

152 1979 377 2010 convertunt
405 1971 570 2009 clamore
599 1972 731 2020 fugam
761 1971 949 2021 (mirabile
978 1968 1074 2020 visu)

152 2033 381 2080 aetheraque
410 2031 619 2068 obscurant
648 2031 784 2080 pennis
814 2031 1043 2079 hostemque
1073 2042 1139 2078 per
1168 2041 1276 2066 auras

153 2092 253 2129 facta
281 2091 382 2127 nube
410 2097 598 2139 premunt,
630 2090 754 2127 donec
784 2090 818 2126 vi
847 2090 968 2127 victus
999 2096 1035 2125 et
1064 2090 1147 2137 ipso

152 2151 325 2203 pondere
354 2150 503 2196 defecit,
533 2151 793 2200 praedamque
823 2163 871 2187 ex
901 2150 1092 2199 unguibus
1122 2150 1199 2186 ales

152 2213 313 2263 proiecit
340 2211 454 2249 fluvio
483 2212 710 2261 penitusque
740 2211 780 2247 in
809 2211 938 2247 nubila
968 2211 1073 2259 sugit.

154 2275 261 2311 Tum
288 2284 379 2309 vero
408 2271 609 2319 augurium
639 2269 768 2306 Rutuli
799 2270 965 2307 clamore
996 2270 1160 2307 salutant

154 2332 440 2382 expediuntque
468 2342 628 2375 manus;
669 2330 891 2377 primusque
922 2329 1153 2367 Tolumnius
1183 2341 1301 2379 augur

157 2392 270 2429 ‘Hoc
299 2396 388 2434 erat,
418 2389 502 2434 hoc,
534 2388 652 2425 votis'
682 2388 802 2436 inquit
832 2388 960 2437 ‘quod
991 2400 1103 2436 saepe
1134 2389 1257 2437 petivi.

155 2450 315 2501 Accipio
344 2459 592 2498 agnoscoque
622 2447 738 2494 deos;
778 2459 851 2492 me,
882 2459 943 2484 me
975 2447 1070 2484 duce
1101 2447 1241 2485 ferrum

1454 82 1534 126 327

1479 375 1536 406 ²25

1479 972 1554 1007 235Δ

1478 1268 1540 1299 240

1480 1567 1537 1598 245
