1669 2737
562 72 730 107 LIBER
758 72 830 109 XI.
865 66 1046 121 29-106.

113 181 266 231 qualem
295 181 466 231 virgineo
495 181 715 220 demessum
743 180 879 230 pollice
908 180 1044 218 florem

114 253 183 279 seu
211 240 335 278 mollis
364 241 484 278 violae
513 253 581 279 seu
609 241 825 289 languentis
854 239 1058 289 hyacinthi,

115 301 176 338 cui
203 312 330 349 neque
358 300 482 349 fulgor
510 300 634 337 adhuc
663 311 736 336 nec
767 299 860 336 dum
887 310 956 335 sua
985 297 1108 338 forma
1137 297 1302 342 recessit,

114 370 194 396 non
221 359 298 395 iam
327 365 447 395 mater
475 358 539 396 alit
569 358 676 395 tellus
705 357 879 407 viresque
908 356 1104 392 ministrat.

115 417 219 455 Tum
247 419 422 468 geminas
450 425 573 455 vestes
601 429 773 466 auroque
801 423 984 466 ostroque
1013 416 1178 464 rigentes

115 478 246 515 extulit
275 479 438 523 Aeneas,
469 489 562 526 quas
591 476 640 513 illi
669 476 767 512 laeta
795 475 968 512 laborum

114 537 200 585 ipsa
228 537 305 574 suis
335 536 532 585 quondam
562 535 738 572 manibus
770 534 927 572 Sidonia
955 533 1059 571 Dido

114 596 255 634 fecerat
284 603 320 634 et
348 597 452 633 tenui
481 596 574 633 telas
604 595 829 633 discreverat
858 606 962 631 auro.

116 654 266 702 Harum
295 667 413 693 unam
441 655 565 692 iuveni
595 666 816 703 supremum
845 660 1012 691 maestus
1042 652 1230 690 honorem

115 715 237 753 induit
267 727 490 764 arsurasque
519 726 650 752 comas
679 714 840 751 obnubit
869 714 1020 755 amictu,

115 774 310 823 multaque
339 782 534 823 praeterea
563 773 763 811 Laurentis
792 773 961 822 praemia
990 784 1144 821 pugnae

116 840 273 882 aggerat
301 839 338 870 et
365 833 485 882 longo
514 832 696 882 praedam
725 832 828 868 iubet
857 831 991 868 ordine
1022 832 1134 867 duci:

117 893 220 930 addit
249 904 370 942 equos
399 898 437 929 et
464 892 549 937 tela,
581 892 720 941 quibus
749 891 974 940 spoliaverat
1003 890 1167 926 hostem.

116 951 300 989 Vinxerat
329 958 366 989 et
394 959 482 1001 post
511 958 617 1000 terga
645 962 794 994 manuS,
825 962 922 999 quos
951 950 1114 986 mitteret
1143 948 1286 985 umbris

116 1012 281 1058 inferias,
311 1024 425 1050 caeso
454 1023 654 1061 sparsuros
683 1010 870 1059 sanguine
899 1009 1087 1054 flammas,

117 1072 349 1122 indutosque
377 1072 480 1109 iubet
509 1078 664 1109 truncos
693 1069 893 1107 hostilibus
922 1070 1036 1105 armis

117 1132 222 1181 ipsos
252 1131 346 1169 ferre
373 1131 488 1168 duces
518 1131 746 1178 inimicaque
776 1129 934 1166 nomina
963 1128 1038 1176 figi.

119 1191 280 1228 Ducitur
307 1189 436 1227 infelix
468 1202 562 1227 aevo
593 1188 791 1226 confectus
820 1189 986 1225 Acoetes

119 1257 279 1300 pectora
305 1262 409 1288 nunc
438 1249 598 1287 foedans
627 1248 779 1297 pugnis,
810 1259 911 1285 nunc
940 1247 1131 1296 unguibus
1161 1258 1252 1293 ora;

120 1310 296 1348 sternitur
325 1316 362 1347 et
390 1316 471 1346 toto
500 1309 692 1358 proiectus
721 1319 881 1356 corpore
911 1313 1040 1344 terrae.

120 1369 276 1407 Ducunt
306 1374 343 1406 et
373 1368 515 1406 Rutulo
544 1367 722 1417 perfusos
752 1367 937 1415 sanguine
968 1378 1108 1404 currus.

120 1429 214 1466 Post
242 1427 401 1465 bellator
429 1439 550 1477 equus
581 1426 712 1475 positis
741 1426 954 1474 insignibus
975 1425 1138 1462 Aethon

119 1488 147 1526 it
175 1488 378 1525 lacrimans
405 1488 596 1535 guttisque
625 1490 793 1522 umectat
820 1484 1028 1534 grandibus
1059 1496 1137 1521 ora.

121 1547 286 1585 Hastam
315 1546 377 1584 alii
404 1545 630 1595 galeamque
658 1544 794 1589 ferunt,
824 1556 915 1580 nam
944 1552 1068 1580 cetera
1099 1543 1256 1580 Turnus

119 1607 239 1644 victor
267 1606 390 1643 habet.
448 1605 553 1642 Tum
582 1610 728 1642 maesta
755 1603 923 1652 phalanx
953 1603 1171 1652 Teucrique
1202 1608 1412 1651 sequuntur

121 1666 387 1716 Tyrrhenique
416 1677 552 1702 omnes
580 1671 618 1701 et
646 1664 761 1701 versis
790 1662 962 1700 Arcades
991 1663 1117 1699 armis.

121 1726 330 1775 Postquam
357 1725 484 1761 omnis
511 1724 628 1773 longe
657 1722 842 1760 comitum
870 1730 1126 1771 praecesserat
1156 1721 1263 1766 ordo,

121 1785 285 1823 substitit
312 1784 467 1821 Aeneas
494 1784 714 1832 gemituque
743 1781 838 1819 haec
867 1781 1010 1818 addidit
1039 1781 1137 1818 alto:

123 1844 230 1882 ‘Nos
259 1843 350 1881 alias
377 1843 467 1880 hinc
496 1842 545 1880 ad
571 1842 747 1880 lacrimas
777 1841 914 1878 eadem
943 1840 1095 1877 horrida
1124 1840 1210 1876 belli

122 1903 199 1940 fata
226 1909 388 1941 vocant:
429 1901 529 1939 salve
557 1908 754 1939 aeternum
783 1900 887 1945 mihi,
918 1900 1084 1937 maxime
1114 1899 1227 1944 Palla,

123 1969 394 2011 aeternumque
422 1960 527 1998 vale.'
584 1959 668 1997 Nec
696 1960 806 2008 plura
835 1959 969 1996 effatus
999 1958 1048 1995 ad
1077 1958 1175 1995 altos

124 2022 305 2060 tendebat
331 2033 463 2059 muros
490 2031 742 2070 gressumque
770 2019 810 2055 in
839 2025 963 2055 castra
991 2017 1142 2055 ferebat.

179 2081 339 2130 Iamque
367 2087 537 2117 oratores
566 2079 725 2116 aderant
755 2091 802 2116 ex
831 2078 924 2115 urbe
954 2076 1100 2123 Latina,

124 2141 235 2178 velati
264 2140 378 2177 ramis
407 2139 514 2177 oleae
542 2138 770 2186 veniamque
798 2144 1007 2185 rogantes:

125 2211 300 2249 corpora,
328 2211 397 2248 per
426 2210 584 2247 campos
613 2197 713 2234 ferro
742 2208 840 2245 quae
870 2196 954 2233 fusa
982 2196 1167 2241 iacebant,

125 2259 299 2297 redderet
327 2269 373 2295 ac
400 2257 547 2294 tumulo
577 2256 716 2293 sineret
745 2254 950 2292 succedere
980 2261 1121 2299 terrae;

127 2317 273 2356 nullum
302 2328 391 2354 cum
419 2316 527 2353 victis
556 2322 749 2353 certamen
778 2320 815 2350 et
844 2313 996 2350 aethere
1026 2314 1166 2357 cassis3

127 2382 299 2426 parceret
326 2375 538 2424 hospitibus
568 2374 766 2424 quondam
795 2373 1014 2421 socerisque
1043 2372 1197 2409 vocatis.

129 2435 240 2482 Quos
268 2435 394 2472 bonus
422 2434 575 2471 Aeneas
606 2432 707 2470 haud
737 2431 976 2481 aspernanda
1005 2438 1207 2482 precantes

1465 605 1480 637 *Y

1464 895 1505 924 80

1465 1498 1506 1530 90

1468 1795 1508 1825 95

1452 2090 1513 2114 100

1453 2386 1511 2417 105
