1669 2737
541 90 708 125 LIBER
743 90 826 125 νη.
859 83 1028 138 689-76
1029 93 1068 138 5.
1413 98 1492 141 229

120 199 290 237 Aurunci
317 199 452 237 misere
480 206 616 249 patres,
649 198 890 248 Sidicinaque
919 199 1022 236 iuxta

119 270 308 307 aequora;
347 259 488 308 quique
517 258 628 296 Cales
656 258 840 307 linquunt,
871 258 1070 307 amnisque
1099 257 1230 296 vadosi

120 318 250 355 accola
277 317 465 363 Vulturni,
494 318 706 367 pariterque
737 317 922 355 Saticulus
952 329 1062 366 asper

120 374 387 426 Oscorumque
415 388 562 414 manus.
619 376 776 413 Teretes
807 383 894 413 sunt
923 375 1075 425 aclydes
1104 375 1175 413 illis
1434 391 1494 424 730

118 435 202 481 tela,
233 435 300 473 sed
328 435 424 473 haec
451 436 555 474 lento
584 448 670 474 mos
698 442 754 473 est
783 442 912 484 aptare
941 435 1122 484 flagello,-

119 493 244 531 laevas
273 501 398 532 caetra
425 495 528 544 tegit,
558 495 680 532 falcati
709 495 924 532 comminus
953 506 1075 532 enses.

173 552 256 591 Nec
285 561 326 591 tu
354 555 582 591 carminibus
611 554 749 592 nostris
779 553 941 590 indictus
970 554 1102 600 abibis,

120 611 276 660 Oebale,
306 626 421 663 quem
449 625 652 663 generasse
683 613 808 650 Telon
839 612 1043 651 Sebethide
1073 613 1253 664 Nympha

118 671 244 718 fertur,
273 672 489 710 Teleboum
518 672 686 722 Capreas
714 684 802 710 cum
830 684 949 720 regna
977 679 1130 719 teneret,
1434 689 1490 721 735

118 731 196 768 iarn
223 732 373 777 senior;
411 733 538 781 patriis
568 733 636 770 sed
664 744 742 769 non
772 739 808 769 et
837 732 932 768 filius
961 732 1057 770 arvis

118 796 322 829 contentus
351 791 423 829 late
451 792 527 829 iam
554 799 635 829 turn
665 792 806 829 ditione
835 792 1031 840 premebat

120 848 308 888 Sarrastes
337 851 501 900 populos
530 858 567 888 et
595 863 693 902 quae
721 852 817 900 rigat
846 863 1012 901 aequora
1043 851 1196 897 Sarnus,

118 909 261 959 quique
291 910 428 948 Rufras
457 910 710 960 Batulumque
739 917 869 948 tenent
897 918 1008 959 atque
1038 923 1125 949 arva
1154 910 1371 957 Celemnae,

118 976 156 1006 et
183 981 282 1018 quos
309 969 500 1008 maliferae
530 970 752 1019 despectant
781 970 933 1007 moenia
962 969 1099 1016 Bellae,
1433 985 1493 1017 740

119 1027 338 1066 Teutonico
366 1029 437 1066 ritu
466 1029 565 1066 soliti
593 1035 768 1078 torquere
799 1029 957 1074 cateias;

118 1088 288 1135 tegmina
316 1088 422 1137 queis
452 1089 620 1137 capitum
648 1095 777 1137 raptus
805 1088 852 1125 de
881 1088 1016 1126 subere
1045 1095 1185 1136 cortex,

119 1154 343 1197 aerataeque
371 1148 513 1185 micant
541 1148 675 1197 peltae,
705 1148 819 1184 micat
847 1159 978 1185 aereus
1007 1149 1117 1186 ensis.

172 1205 222 1244 Et
249 1213 286 1244 te
314 1213 516 1244 montosae
544 1207 678 1245 misere
708 1207 746 1243 in
774 1207 915 1256 proelia
944 1206 1101 1253 Nersae,

119 1264 253 1310 Ufens,
281 1265 474 1314 insignem
502 1265 603 1303 fama
632 1273 669 1304 et
696 1265 866 1303 felicibus
895 1267 1007 1303 armis
1023 1280 1033 1313 3
1433 1280 1490 1314 745

119 1324 271 1361 horrida
299 1325 501 1374 praecipue
530 1326 591 1362 cui
619 1337 714 1374 gens
743 1332 968 1374 assuetaque
997 1325 1116 1363 multo

119 1390 255 1421 venatu
285 1396 496 1429 nemorum,
527 1384 628 1421 duris
657 1385 867 1433 Aequicula
895 1384 1048 1433 glaebis.

119 1444 266 1480 Armati
294 1451 431 1481 terram
460 1451 647 1489 exercent,
679 1456 904 1494 semperque
932 1451 1102 1482 recentes

119 1511 344 1542 convectare
372 1505 471 1541 iuvat
500 1504 663 1553 praedas
691 1511 728 1542 et
756 1505 878 1541 vivere
907 1510 1028 1553 rapto.

173 1562 279 1609 Quin
307 1570 344 1600 et
371 1562 562 1600 Marruvia
589 1564 689 1601 venit
719 1564 766 1601 de
794 1571 907 1613 gente
937 1563 1125 1607 sacerdos,
1437 1579 1498 1611 750

119 1622 252 1660 fronde
281 1635 394 1672 super
423 1622 573 1671 galeam
603 1631 639 1660 et
668 1622 764 1660 felici
794 1629 970 1672 comptus
1000 1623 1109 1667 oliva,

119 1682 304 1732 Archippi
331 1682 430 1731 regis
459 1682 588 1727 missu,
619 1682 841 1720 fortissimus
870 1682 1030 1727 Umbro,

119 1743 271 1791 vipereo
299 1741 431 1790 generi
460 1748 497 1778 et
525 1742 688 1790 graviter
717 1742 947 1790 spirantibus
976 1742 1105 1792 hydris

119 1812 300 1851 spargere
328 1801 393 1850 qui
422 1812 580 1838 somnos
610 1808 799 1850 cantuque
827 1813 1019 1851 manuque
1049 1801 1196 1839 solebat

119 1860 386 1909 mulcebatque
414 1861 488 1897 iras
518 1866 555 1897 et
583 1872 733 1898 morsus
763 1868 840 1898 arte
869 1861 1028 1898 levabat.
1440 1873 1497 1907 755

121 1919 198 1957 Sed
225 1932 305 1958 non
333 1919 549 1958 Dardaniae
578 1921 758 1958 medicari
787 1921 954 1969 cuspidis
985 1921 1101 1958 ictum

120 1979 266 2024 evaluit,
295 1992 420 2029 neque
449 1992 537 2017 eum
566 1980 691 2017 iuvere
719 1981 758 2016 in
786 1980 941 2017 vulnera
970 1988 1105 2017 cantus

121 2038 316 2077 somniferi
345 2046 381 2076 et
409 2038 550 2076 Marsis
579 2039 773 2088 quaesitae
802 2039 996 2076 montibus
1025 2039 1173 2077 herbae.

121 2098 182 2136 Te
209 2110 345 2136 nemus
373 2098 562 2146 Angitiae.
592 2098 707 2135 vitrea
736 2106 772 2136 te
801 2098 967 2136 Fucinus
995 2097 1109 2144 unda,

119 2165 155 2196 te
184 2158 315 2207 liquidi
341 2157 476 2195 flevere
503 2156 620 2196 lacus.
1439 2164 1499 2204 760

174 2217 259 2255 Ibat
287 2224 324 2255 et
352 2217 553 2267 Hippolyti
582 2217 708 2266 proles
736 2217 989 2266 pulcherrima
1017 2216 1130 2262 bello,

120 2276 285 2321 Virbius,
314 2276 504 2324 insignem
532 2288 649 2325 quem
678 2284 799 2313 mater
828 2277 955 2313 Aricia
985 2277 1097 2321 misit,

121 2336 300 2373 eductum
329 2334 489 2383 Egeriae
517 2335 610 2372 lucis
638 2335 808 2371 umentia
837 2335 978 2372 circum

119 2395 240 2440 litora,
268 2394 422 2444 pinguis
450 2394 516 2431 ubi
544 2401 581 2431 et
609 2393 802 2443 placabilis
832 2406 895 2431 ara
924 2393 1082 2432 Dianae.

121 2453 300 2504 Namque
325 2452 450 2491 ferunt
472 2453 575 2491 fama
601 2452 869 2504 Hippolytum,
898 2461 1102 2504 postquam
1129 2460 1206 2492 arte
1233 2466 1417 2493 novercae
1439 2460 1496 2501 765
