1669 2737
553 98 719 133 LIBER
749 98 821 135 IX.
855 92 1062 148 2634340.
1419 102 1500 149 259

126 208 219 245 haec
247 208 382 246 eadem
410 207 594 257 matrique
622 214 710 245 tuae
739 207 944 256 generique
973 207 1205 245 manebunt.'

128 267 189 304 Sic
217 267 268 304 ait
294 267 543 313 illacrimans;
583 278 714 304 umero
744 267 854 303 simul
885 266 989 304 exuit
1016 278 1149 304 ensem

126 333 309 372 auratum,
338 326 433 364 mira
460 338 576 375 quem
603 325 741 363 fecerat
769 332 845 363 arte
874 326 1030 375 Lycaon

127 384 296 422 Gnosius
326 393 439 434 atque
467 385 632 423 habilem
660 386 798 434 vagina
827 392 971 434 aptarat
1000 386 1154 423 eburna.
1439 399 1500 429 305

126 442 202 480 Dat
231 443 327 481 Niso
357 444 582 481 Mnestheus
610 444 749 493 pellem
777 444 1040 493 horrentisque
1069 443 1190 481 leonis

125 502 280 540 exuvias
294 516 305 549 3
344 503 493 552 galeam
522 503 620 540 fidus
648 510 839 551 permutat
867 503 1005 540 Aletes.

126 560 301 599 Protinus
331 563 465 599 armati
493 562 694 608 incedunt;
734 574 830 612 quos
860 563 984 599 omnis
1014 568 1145 599 euntes

126 621 336 669 primorum
364 633 501 658 manus
529 621 579 658 ad
608 629 736 670 portas
765 622 1020 670 iuvenumque
1049 633 1261 671 senumque

126 680 363 729 prosequitur
391 681 498 717 votis.
555 679 638 717 Nec
668 692 747 717 non
776 688 813 717 et
841 680 997 729 pulcher
1026 680 1142 724 Iulus,
1440 695 1502 725 310

126 746 214 775 ante
242 750 364 775 annos
393 739 638 787 animumque
667 751 804 787 gerens
834 752 1039 789 curamque
1074 740 1229 784 virilem,

126 797 244 835 multa
271 798 367 846 patri
396 797 578 834 mandata
607 797 721 835 dabat
749 798 957 846 portanda:
999 798 1066 835 sed
1095 811 1207 835 aurae

127 857 255 895 omnia
283 857 502 905 discerpunt
531 863 567 894 et
597 857 761 894 nubibus
791 857 891 894 irrita
921 857 1074 894 donant.

179 915 333 965 Egressi
362 922 543 965 superant
570 915 693 953 fossas
722 917 920 965 noctisque
952 929 1020 965 per
1047 917 1222 953 umbram

127 981 249 1012 castra
276 975 429 1012 inimica
457 982 599 1024 petunt,
628 975 755 1012 multis
784 982 911 1012 tamen
943 983 1029 1013 ante
1060 975 1172 1013 futuri
1442 992 1501 1023 315

127 1034 251 1071 exitio.
309 1033 455 1071 Passim
484 1046 622 1072 somno
653 1034 816 1083 vinoque
846 1046 913 1083 per
941 1034 1098 1071 herbam

128 1104 289 1141 corpora
317 1093 400 1130 fusa
426 1093 564 1138 vident,
594 1100 759 1130 arrectos
787 1093 894 1130 litore
923 1105 1064 1138 currus,

128 1153 224 1189 inter
251 1151 332 1189 lora
359 1160 537 1201 rotasque
566 1153 676 1196 viros,
707 1152 818 1189 simul
847 1164 951 1189 arma
980 1153 1112 1198 iacere,

129 1212 216 1248 vina
244 1211 364 1249 simul.
424 1211 530 1249 Prior
558 1211 788 1261 Hyrtacides
819 1212 871 1249 sic
901 1224 966 1249 ore
996 1212 1167 1249 locutus:

131 1270 323 1320 ‘Euryale‚
353 1270 572 1308 audendum
601 1270 752 1315 dextra;
792 1283 894 1308 nunc
923 1271 1005 1319 ipsa
1033 1279 1143 1308 vocat
1171 1283 1241 1309 res.
1441 1290 1504 1319 320

132 1330 219 1368 Hac
247 1330 314 1367 iter
342 1337 408 1368 est.
466 1329 541 1375 Tu,
570 1342 618 1366 ne
647 1341 722 1378 qua
750 1341 885 1366 manus
914 1341 954 1367 se
984 1330 1150 1368 attollere
1179 1331 1290 1368 nobis

131 1403 154 1429 a
181 1397 288 1440 tergo
317 1390 447 1440 possit,
477 1389 624 1427 custodi
652 1395 689 1425 et
718 1389 873 1426 consule
902 1389 1037 1437 longe;

132 1451 227 1488 haec
255 1461 328 1499 ego
358 1456 464 1486 vasta
492 1449 593 1486 dabo
622 1454 659 1485 et
687 1448 763 1484 lato
791 1453 827 1484 te
857 1445 974 1485 limite
1001 1448 1162 1485 ducam.'

133 1510 195 1547 Sic
224 1515 410 1546 memorat
437 1518 648 1556 vocemque
681 1506 838 1554 premit;
878 1507 989 1543 simul
1018 1519 1110 1544 ense
1140 1509 1346 1556 superbum

134 1569 390 1607 Rhamnetem
420 1566 644 1616 aggreditur,
675 1566 738 1615 qui
767 1564 862 1602 forte
891 1566 1079 1615 tapetibus
1109 1567 1190 1605 altis
1447 1584 1506 1616 3²5

132 1636 345 1667 exstructus
372 1634 453 1665 toto
482 1625 668 1676 proflabat
697 1630 850 1675 pectore
879 1637 1068 1671 somnum,

132 1702 198 1727 rex
227 1689 329 1726 idem
357 1694 393 1725 et
421 1688 501 1735 regi
531 1685 665 1723 Turno
694 1685 929 1734 gratissimus
957 1698 1090 1735 augur,

133 1748 202 1785 sed
228 1759 309 1784 non
336 1747 494 1796 augurio
522 1746 645 1795 potuit
674 1746 860 1795 depellere
888 1752 1046 1795 pestem.

133 1806 231 1844 Tres
259 1806 362 1843 iuxta
391 1805 554 1843 famulos
583 1813 722 1843 temere
751 1807 848 1843 inter
875 1806 949 1843 tela
978 1807 1144 1845 iacentes

133 1866 437 1914 armigerumque
467 1865 579 1902 Remi
607 1865 743 1915 premit
770 1866 1017 1915 aurigamque
1045 1867 1115 1903 sub
1144 1866 1233 1915 ipsis
1445 1882 1511 1912 330

133 1932 268 1962 nactus
298 1925 405 1973 equis
434 1924 609 1974 ferroque
639 1932 742 1963 secat
769 1925 975 1974 pendentia
1003 1925 1122 1971 colla;

134 1991 216 2021 tum
245 1990 358 2032 caput
387 1983 458 2032 ipsi
487 1984 608 2021 aufert
637 1984 795 2022 domino
823 1992 1074 2033 truncumque
1103 1983 1282 2033 relinquit

136 2043 322 2091 sanguine
351 2043 644 2091 singultantem,·
682 2050 762 2080 atro
791 2044 981 2093 tepefacta
1009 2055 1141 2081 cruore

136 2110 233 2139 terra
261 2102 408 2150 torique
435 2102 614 2140 madent:
655 2115 725 2140 nec
754 2114 834 2140 non
864 2103 1146 2152 Lamyrumque
1177 2102 1416 2155 Lamumque

136 2168 174 2198 et
202 2161 379 2198 iuvenem
409 2161 624 2207 Serranum,
653 2162 715 2199 illa
744 2162 808 2211 qui
835 2161 996 2211 plurima
1025 2170 1137 2200 nocte
1446 2180 1507 2211 335

137 2220 286 2266 luserat,
316 2220 474 2269 insignis
503 2220 611 2266 facie,
641 2221 836 2270 multoque
864 2222 1010 2259 iacebat

130 2280 310 2317 -membra
337 2279 412 2316 deo
440 2280 579 2325 victus;
620 2280 717 2325 felix,
748 2280 778 2316 si
806 2280 976 2328 protinus
1005 2281 1108 2318 illum

138 2345 337 2387 aequasset
366 2339 469 2375 nocti
496 2339 628 2376 ludum
656 2339 696 2375 in
723 2339 923 2388 lucemque
951 2339 1114 2378 tulisset:

137 2397 324 2445 impastus
355 2409 425 2433 ceu
454 2396 566 2446 plena
594 2396 653 2434 leo
681 2408 749 2446 per
778 2397 887 2434 ovilia
915 2399 1070 2436 turbans

140 2454 290 2506 (suadet
319 2456 421 2492 enim
450 2467 590 2493 vesana
618 2454 753 2506 fames)
782 2456 1002 2508 manditque
1033 2459 1217 2507 trahitque
1453 2474 1513 2505 340

793 2537 861 2564 52
