1669 2737
137 62 219 103 216
725 65 950 100 AENEIS.

134 180 340 223 tempestas
369 173 451 211 ierit
480 186 651 223 campos,
683 174 820 223 quibus
849 180 954 210 actus
983 179 1141 222 uterque

134 232 314 282 Europae
342 239 455 281 atque
483 233 597 270 Asiae
628 233 711 270 fatis
740 232 970 270 concurrerit
999 232 1112 278 orbis,

135 293 253 329 audiit
281 298 317 329 et
346 293 376 329 si
407 304 521 341 quem
550 292 658 329 tellus
687 299 856 329 extrema
884 291 1010 329 refuso

136 359 350 388 summovet
379 350 539 389 Oceano
569 358 605 388 et
635 352 664 388 si
695 363 811 400 quem
841 357 994 388 extenta
1023 350 1221 400 plagarum

135 417 312 459 quattuor
341 412 379 448 in
408 411 536 447 medio
566 410 704 446 dirimit
732 410 844 459 plaga
875 409 972 447 Solis
1002 410 1131 458 iniqui.

134 469 285 506 Diluvio
315 482 363 506 ex
391 469 455 506 illo
484 476 540 506 tot
569 475 674 506 vasta
702 481 770 518 per
800 481 968 518 aequora
997 469 1094 505 vecti

135 529 193 566 dis
222 529 351 566 sedem
381 529 560 577 exiguam
589 529 720 577 patriis
749 528 911 577 litusque
939 540 1120 577 rogamus

134 589 342 625 innocuum
372 595 408 625 et
437 588 583 625 cunctis
613 587 833 636 undamque
863 599 1069 636 auramque
1099 593 1305 636 patentem.

135 646 226 684 Non
255 648 393 684 erimus
423 658 543 695 regno
571 646 781 691 indecores,
812 658 883 683 nec
912 653 1036 682 vestra
1064 645 1203 682 feretur

135 706 238 744 fama
266 707 357 743 levis
386 706 556 755 tantique
586 705 777 742 abolescet
806 705 926 753 gratia
956 705 1054 751 facti,

134 778 205 802 nec
234 766 394 802 Troiam
423 765 618 802 Ausonios
648 765 794 812 gremio
824 765 1022 813 excepisse
1052 764 1207 813 pigebit.

134 825 226 862 Fata
254 837 321 873 per
349 824 503 860 Aeneae
531 824 613 859 iuro
643 823 890 872 dextramque
919 830 1117 872 potentem

135 885 210 921 sive
239 884 313 920 fide
343 896 409 920 seu
439 884 524 931 quis
552 883 652 919 bello
683 890 739 919 est
767 890 946 931 expertus
975 889 1012 919 et
1041 883 1178 919 armis:

133 944 239 980 multi
270 955 342 980 nos
372 942 515 992 populi,
545 943 688 979 multae
718 941 782 992 (ne
812 948 952 987 temne,
983 942 1088 991 quod
1116 942 1213 978 ultro

132 1002 381 1052 praeferimus
410 1002 588 1039 manibus
618 1002 726 1038 vittas
756 1013 800 1038 ac
828 1002 942 1038 verba
971 999 1179 1050 precantia)

133 1069 170 1099 et
198 1063 339 1112 petiere
370 1063 439 1099 sibi
470 1069 507 1099 et
535 1061 686 1098 voluere
716 1061 923 1109 adiungere
953 1067 1115 1109 gentes3

133 1123 201 1160 sed
230 1134 302 1159 nos
332 1122 408 1159 fata
438 1122 553 1159 deum
582 1128 723 1158 vestras
752 1121 949 1169 exquirere
978 1127 1094 1157 terras

132 1182 298 1230 imperiis
328 1193 439 1229 egere
469 1181 557 1217 suis.
616 1180 720 1216 Hinc
751 1179 955 1217 Dardanus
985 1186 1115 1225 ortus;

131 1241 205 1278 huc
234 1242 368 1290 repetit
397 1241 583 1288 iussisque
612 1240 830 1288 ingentibus
858 1245 967 1287 urget
996 1239 1138 1287 Apollo

131 1301 374 1350 Tyrrhenum
404 1301 452 1338 ad
482 1300 670 1349 Thybrim
699 1306 736 1336 et
766 1299 879 1337 fontis
908 1299 1004 1336 vada
1033 1311 1140 1336 sacra
1169 1298 1335 1336 Numici.

130 1360 208 1397 Dat
237 1361 302 1397 tibi
331 1367 526 1409 praeterea
554 1359 728 1395 fortunae
758 1371 872 1408 parva
901 1359 1033 1407 prioris

130 1431 298 1463 munera,
328 1419 503 1467 reliquias
533 1418 651 1455 Troia
680 1430 727 1455 ex
757 1417 914 1454 ardente
943 1424 1128 1466 receptas.

131 1478 222 1515 Hoc
251 1485 356 1526 pater
385 1477 572 1513 Anchises
601 1488 692 1513 auro
723 1477 863 1513 libabat
892 1476 939 1512 ad
968 1489 1077 1513 aras:

130 1537 204 1574 hoc
233 1536 373 1573 Priami
402 1544 601 1585 gestamen
631 1542 721 1581 erat,
753 1548 841 1573 cum
871 1536 950 1572 iura
978 1535 1120 1572 vocatis

130 1609 236 1633 more
266 1596 371 1633 daret
401 1596 562 1644 populis,
593 1602 862 1644 sceptrumque
893 1606 1075 1643 sacerque
1106 1594 1218 1631 tiaras

130 1656 369 1704 Iliadumque
398 1655 504 1692 labor
532 1656 679 1692 vestes.’

184 1715 345 1752 Talibus
375 1714 511 1751 Ilionei
541 1714 648 1751 dictis
679 1714 805 1750 defixa
834 1713 992 1750 Latinus

131 1776 265 1813 obtutu
295 1780 398 1811 tenet
426 1785 493 1809 ora
522 1773 683 1820 soloque
714 1773 917 1809 immobilis
947 1772 1075 1809 haeret

130 1835 299 1870 intentos
329 1833 483 1870 volvens
514 1832 657 1869 oculos.
717 1831 801 1868 Nec
830 1844 995 1880 purpura
1024 1842 1153 1880 regem

129 1894 233 1943 picta
261 1898 390 1930 movet
418 1904 489 1929 nec
520 1898 670 1940 sceptra
698 1900 853 1928 movent
882 1890 1068 1927 Priameia
1097 1897 1256 1935 tantum,

131 1959 315 2002 quantum
346 1952 385 1988 in
416 1951 582 1987 conubio
612 1957 722 1987 natae
753 1950 999 1998 thalamoque
1027 1957 1196 1986 moratur
1207 1962 1217 1996 ;

131 2020 168 2048 et
197 2012 330 2048 veteris
361 2010 481 2047 Fauni
511 2010 625 2047 volvit
655 2011 726 2047 sub
755 2017 911 2058 pectore
940 2016 1093 2053 sortem,

130 2071 232 2108 hunc
263 2071 366 2107 illum
396 2070 479 2107 fatis
509 2076 665 2107 externa
693 2070 741 2106 ab
771 2069 862 2106 sede
891 2068 1106 2118 profectum

130 2130 307 2179 portendi
340 2141 525 2177 generum
555 2129 784 2177 paribusque
813 2128 852 2164 in
880 2139 998 2175 regna
1026 2127 1154 2164 vocari

132 2190 321 2238 auspiciis,
354 2189 441 2225 huic
471 2188 696 2237 progeniem
726 2187 859 2223 virtute
887 2186 1050 2223 futuram

131 2250 326 2298 egregiam
356 2256 392 2285 et
421 2255 543 2285 totum
573 2259 670 2296 quae
701 2246 841 2283 viribus
870 2254 1032 2295 occupet
1062 2247 1205 2283 orbem.

132 2308 311 2346 Tandem
341 2307 460 2344 laetus
490 2307 562 2343 ait:
604 2305 676 2342 ‘Di
705 2313 835 2342 nostra
862 2306 1014 2354 incepta
1044 2305 1256 2342 secundent

132 2368 408 2416 auguriumque
439 2367 572 2403 suum!
611 2365 782 2411 Dabitur,
815 2364 994 2410 Troiane,
1025 2365 1130 2412 quod
1160 2371 1295 2414 optas;

132 2439 289 2464 munera
318 2438 388 2462 nec
418 2436 569 2475 sperno,
599 2435 678 2461 non
707 2424 816 2461 vobis
845 2435 935 2472 rege
964 2423 1104 2461 Latino

479 2581 488 2596 l

1459 601 1520 630 230

1459 895 1517 926 235

1457 1193 1519 1223 ²40

1456 1785 1518 1817 250

1457 2080 1515 2113 255

1456 2370 1518 2401 260
