1669 2737
564 74 732 108 LIBER
761 74 833 108 XI.
864 68 1076 123 419-496.

129 182 221 220 dant
249 182 415 221 sonitum
443 182 548 221 rauci
575 195 643 232 per
673 189 808 232 stagna
836 182 1013 232 loquacia
1043 183 1162 232 cycni.

130 241 300 279 ‘Immo'
329 243 380 280 ait
411 245 457 280 ‘o
486 242 608 280 eives'
639 252 787 290 arrepto
817 249 989 291 tempore
1021 241 1187 287 Turnus,

129 302 278 349 ‘cogite
307 301 514 339 concilium
543 308 580 339 et
608 313 746 350 pacem
775 300 927 338 laudate
956 301 1160 338 sedentes:

128 359 179 396 illi
207 361 321 398 armis
350 360 390 397 in
418 373 536 409 regna
563 358 699 397 ruunt?
757 359 841 397 Nec
871 359 979 408 plura
1007 359 1158 396 locutus

129 419 309 468 corripuit
338 431 421 457 sese
450 426 487 457 et
516 420 625 457 tectis
655 419 750 456 citus
779 419 911 456 extulit
941 419 1033 456 altis.

130 476 226 523 ‘Tu‚
258 477 416 524 Voluse,
446 478 582 515 armari
610 477 842 515 Volscorum
871 477 979 515 edice
1008 478 1210 527 maniplos,

107 536 225 580 ,duc’
256 537 304 574 ait
335 540 395 574 ‘et
424 536 598 574 Rutulos.
655 536 836 586 Equitem
866 536 1071 585 Messapus
1102 538 1141 574 in
1170 536 1285 574 armis

130 602 167 632 et
196 607 284 634 cum
312 596 423 634 fratre
453 596 573 634 Coras
601 595 684 633 latis
714 596 914 633 diffundite
943 596 1102 644 campis.

131 654 222 692 Pars
251 655 374 693 aditus
402 656 505 693 urbis
534 655 657 692 firmet
685 662 883 703 turresque
914 662 1111 704 capessat;

131 720 266 759 cetera,
297 727 372 764 qua
399 715 515 758 iusso,
544 726 700 751 mecum
729 725 867 750 manus
899 713 1033 750 inferat
1063 713 1192 751 arma.’

130 772 237 810 Ilicet
265 773 304 810 in
332 784 462 810 muros
490 780 570 810 tota
600 773 815 810 discurritur
847 773 951 810 urbe.

132 832 349 870 Concilium
377 832 458 881 ipse
486 839 595 881 pater
622 839 659 869 et
688 843 830 880 magna
858 832 1012 881 incepta
1040 831 1199 870 Latinus

131 892 269 930 deserit
297 904 342 930 ac
369 893 462 930 tristi
492 894 663 930 turbatus
693 899 866 941 tempore
896 892 1031 938 differt,

131 951 325 1001 multaque
354 963 395 989 se
423 952 583 997 incusat,
614 951 678 1000 qui
709 963 789 988 non
819 952 1008 1000 acceperit
1037 951 1135 988 ultro

132 1011 370 1048 Dardanium
399 1011 561 1048 Aenean
590 1022 851 1060 generumque
881 1011 1050 1047 asciverit
1080 1010 1174 1047 urbi.

131 1070 379 1108 Praefodiunt
407 1070 468 1106 alii
497 1076 627 1119 portas
656 1076 720 1106 aut
750 1082 843 1107 saxa
872 1069 1063 1119 sudesque

133 1131 365 1168 subvectant.
423 1128 531 1166 Bello
561 1128 624 1166 dat
654 1130 806 1177 signum
835 1140 948 1165 rauca
977 1135 1177 1165 cruentum

132 1190 304 1227 buccina.
360 1188 466 1225 Tum
494 1200 625 1225 muros
654 1187 755 1225 varia
785 1188 937 1224 cinxere
966 1199 1110 1225 corona

133 1255 331 1286 matronae
358 1247 565 1297 puerique:
606 1252 717 1283 vocat
745 1245 853 1282 labor
882 1246 1035 1283 ultimus
1065 1258 1212 1283 omnes.

134 1307 218 1345 Nec
247 1319 328 1345 non
357 1307 405 1344 ad
433 1306 618 1355 templum
649 1318 895 1355 summasque
925 1306 974 1343 ad
1003 1306 1166 1343 Palladis
1196 1316 1301 1342 arces

134 1367 353 1404 subvehitur
380 1378 523 1415 magna
550 1372 713 1402 matrum
742 1366 873 1414 regina
903 1371 1051 1402 caterva

135 1427 239 1463 dona
267 1425 401 1471 ferens,
431 1426 610 1474 iuxtaque
640 1436 770 1461 comes
799 1423 957 1461 Lavinia
976 1425 1103 1473 virgo,

135 1497 251 1523 causa
279 1485 368 1522 mali
396 1485 501 1531 tanti,
530 1483 663 1522 oculos
693 1483 838 1520 deiecta
866 1483 1040 1520 decoros.

136 1543 355 1582 Succedunt
382 1551 523 1582 matres
551 1549 588 1581 et
617 1543 802 1592 templum
830 1548 913 1580 ture
941 1548 1126 1591 vaporant

135 1612 172 1642 et
200 1610 366 1641 maestas
395 1604 471 1641 alto
501 1602 666 1641 fundunt
696 1602 743 1640 de
771 1603 901 1639 limine
930 1614 1071 1639 voces:

137 1663 418 1712 ‘Armipotens‚
447 1675 602 1712 praeses
630 1662 727 1707 belli,
758 1661 933 1698 Tritonia
962 1662 1080 1710 virgo,

136 1723 268 1771 frange
296 1734 414 1759 manu
441 1722 560 1759 telum
588 1720 741 1770 Phrygii
769 1719 975 1769 praedonis
1005 1727 1042 1757 et
1071 1719 1197 1768 ipsum

135 1794 302 1832 pronum
331 1788 455 1819 sterne
484 1780 567 1818 solo
596 1780 791 1830 portisque
820 1778 974 1816 effunde
1003 1780 1073 1816 sub
1102 1778 1208 1815 altis?

138 1841 312 1890 Cingitur
339 1841 419 1889 ipse
447 1840 576 1877 furens
605 1840 776 1877 certatim
805 1839 843 1875 in
872 1838 1016 1887 proelia
1045 1837 1213 1874 Turnus.

137 1900 298 1949 Iamque
325 1899 423 1937 adeo
451 1900 603 1937 rutilum
631 1899 785 1936 thoraca
813 1898 966 1935 indutus
996 1897 1101 1934 ae'nis

137 1959 314 1996 horrebat
343 1958 510 2008 squamis
539 1970 722 2006 surasque
751 1956 952 1994 incluserat
980 1967 1084 2000 auro,

138 2026 313 2067 tempora
339 2018 464 2055 nudus
492 2016 627 2063 adhuc,
656 2016 839 2064 laterique
868 2015 1083 2052 accinxerat
1113 2025 1244 2051 ensem

138 2078 383 2127 fulgebatque
411 2078 484 2114 alta
513 2077 717 2114 decurrens
747 2086 880 2112 aureus
910 2086 1006 2120 arce,

139 2137 378 2186 exsultatque
406 2137 542 2174 animis
571 2142 608 2172 et
636 2146 704 2184 spe
732 2135 808 2171 iam
838 2134 1019 2182 praecipit
1048 2133 1220 2170 hostem:

140 2197 262 2246 qualis
289 2196 354 2232 ubi
383 2196 553 2244 abruptis
581 2194 676 2243 fugit
704 2193 902 2242 praesepia
930 2192 1059 2229 vinclis

140 2257 298 2294 tandem
326 2255 421 2292 liber
449 2267 581 2304 equus,
612 2264 828 2302 campoque
857 2252 1000 2300 potitus
1030 2259 1162 2300 aperto

141 2324 205 2354 aut
233 2314 293 2351 ille
321 2314 360 2350 in
388 2320 519 2362 pastus
549 2318 798 2359 armentaque
827 2310 946 2348 tendit
973 2322 1155 2358 equarum

141 2381 206 2413 aut
233 2378 405 2411 assuetus
434 2383 556 2420 aquae
585 2370 760 2420 perfundi
788 2369 945 2405 flumine
975 2375 1068 2406 noto

141 2433 291 2479 emicat,
321 2431 547 2480 arrectisque
577 2430 700 2467 fremit
730 2428 936 2466 cervicibus
966 2427 1038 2464 alte

1459 2085 1523 2115 490

1461 2381 1521 2413 495
