1669 2737
540 78 753 113 ECLOGA
785 78 864 114 III.
900 80 1050 126 15—92.
1484 83 1505 122 7

121 187 295 225 sensibus
322 185 418 223 haec
446 185 531 223 imis
559 184 638 233 <res
666 192 723 223 est
751 197 831 223 non
859 183 990 235 parva)
1019 197 1196 234 reponas.

174 247 224 284 P.
253 246 388 292 Dicite,
417 245 732 295 quandoquidem
761 245 801 282 in
829 245 932 282 molli
962 245 1210 282 consedimus
1239 244 1367 288 herba,
1466 259 1503 289 55

120 315 158 346 et
185 321 288 346 nunc
316 307 444 346 omnis
473 320 574 357 ager,
603 320 706 345 nunc
734 307 861 344 omnis
890 307 1048 355 parturit
1077 307 1201 351 arbos,

120 379 223 405 nunc
250 367 429 404 frondent
457 367 582 411 silvae,
609 378 714 403 nunc
742 365 1045 404 formosissimus
1075 377 1209 402 annus.

120 426 263 475 Incipe,
292 425 506 472 Damoeta;
545 433 585 462 tu
613 425 751 463 deinde
781 437 950 474 sequere,
981 424 1171 462 Menalca.

121 485 285 523 Alternis
313 485 467 531 dicetis;
509 491 639 522 amant
668 485 812 521 alterna
841 484 1047 522 Camenae.

171 543 223 581 D.
254 545 317 581 Ab
345 544 437 582 Iove
466 544 695 594 principium
724 543 886 581 Musae:
920 543 1022 580 Iovis
1051 543 1182 580 omnia
1211 543 1347 593 plena;
1466 550 1507 580 60

118 602 178 640 ille
206 603 296 641 colit
322 610 461 649 terras;
500 603 550 640 illi
580 615 667 640 mea
696 604 866 640 carmina
895 615 1018 640 curae.

170 660 233 700 M.
265 662 315 699 Et
342 675 405 700 me
434 662 615 700 Phoebus
644 669 766 708 amat;
808 662 969 700 Phoebo
998 673 1068 699 sua
1097 673 1248 711 semper
1276 662 1379 711 apud
1409 675 1470 699 me

117 732 277 759 munera
305 729 404 768 sunt,
432 722 526 759 lauri
555 729 591 759 et
620 734 734 759 suave
761 722 902 759 rubens
931 721 1167 771 hyacinthus.

169 780 222 819 D.
252 780 359 818 Malo
388 793 451 818 me
482 780 642 819 Galatea
671 781 774 830 petit,
805 781 946 819 lasciva
974 781 1110 830 puella,

116 846 153 876 et
180 839 276 889 fugit
304 840 353 878 ad
381 840 526 886 salices,
555 847 593 878 et
621 853 662 878 se
692 841 796 889 cupit
826 847 912 877 ante
941 839 1067 876 videri.
1465 847 1503 887 65

168 898 231 936 M.
260 899 311 937 At
339 899 431 936 mihi
460 911 541 937 sese
570 899 681 936 offert
709 899 806 936 ultro
836 910 945 936 meus
974 899 1073 947 ignis
1102 899 1303 948 Amyntas,

115 959 241 995 notior
270 965 310 996 ut
338 959 416 996 iam
446 959 492 996 sit
521 959 679 996 canibus
709 971 789 996 non
818 958 929 995 Delia
958 959 1108 996 nostris.

167 1016 221 1054 D.
252 1017 364 1055 Parta
391 1029 500 1055 meae
529 1017 671 1055 Veneri
701 1024 788 1055 sunt
817 1029 1000 1055 munera:
1041 1030 1208 1067 namque
1239 1018 1365 1055 notavi

113 1076 197 1125 ipse
225 1077 365 1123 locum,
395 1078 517 1115 aeriae
545 1089 624 1126 quo
653 1088 884 1125 congessere
913 1077 1125 1125 palumbes.

167 1134 230 1174 M.
260 1136 379 1183 Quod
407 1137 523 1186 potui,
554 1148 674 1186 puero
705 1136 861 1173 silvestri
890 1148 936 1173 ex
966 1137 1100 1173 arbore
1128 1136 1224 1173 lecta
1466 1153 1504 1183 70

113 1206 229 1232 aurea
256 1195 357 1233 mala
386 1196 522 1234 decem
550 1196 665 1242 misi3
703 1208 787 1233 cras
817 1195 932 1232 altera
960 1195 1120 1232 mittam.

166 1253 218 1291 D.
249 1254 285 1292 O
314 1256 491 1304 quotiens
519 1262 557 1293 et
585 1268 683 1305 quae
712 1255 823 1292 nobis
853 1254 1012 1292 Galatea
1040 1255 1166 1292 locuta
1195 1257 1272 1292 est!

112 1321 259 1362 partem
287 1315 465 1363 aliquam,
495 1315 608 1360 venti,
638 1315 767 1351 divum
796 1314 964 1351 referatis
993 1313 1041 1351 ad
1071 1327 1191 1352 aures.

165 1373 228 1411 M.
259 1374 364 1421 Quid
383 1375 541 1424 prodest
560 1374 665 1424 quod
684 1386 748 1411 me
767 1374 850 1424 ipse
871 1375 999 1411 animo
1021 1386 1101 1411 non
1121 1376 1278 1423 spernis,
1300 1375 1478 1425 Amynta,

112 1432 154 1479 si,
185 1433 277 1470 dum
307 1441 347 1471 tu
377 1434 531 1471 sectaris
560 1445 684 1482 apros,
716 1445 790 1482 ego
819 1434 912 1470 retia
941 1435 1076 1470 servo?
1463 1449 1499 1481 75

164 1491 217 1530 D.
247 1492 420 1541 Phyllida
447 1494 555 1530 mitte
582 1493 700 1530 mihi:
738 1504 847 1529 meus
877 1499 934 1529 est
963 1493 1107 1537 natalis,
1138 1492 1253 1539 Iolla;

111 1563 200 1589 cum
227 1552 364 1589 faciam
391 1552 506 1590 vitula
534 1564 604 1601 pro
633 1551 816 1600 frugibus,
847 1552 929 1600 ipse
957 1553 1094 1589 venito.

163 1610 226 1648 M.
255 1611 427 1660 Phyllida
456 1622 545 1648 amo
575 1617 663 1648 ante
692 1610 803 1648 alias:
845 1623 937 1647 nam
966 1623 1028 1648 me
1057 1611 1253 1649 discedere
1283 1611 1393 1658 flevit,

111 1676 148 1708 et
175 1670 337 1719 longum
365 1670 587 1715 ‘Formose,
615 1669 698 1706 vale
726 1669 832 1715 vale,'
862 1670 994 1718 inquit,
1025 1669 1166 1706 ‘Iolla’

161 1728 216 1767 D.
245 1729 370 1768 Triste
398 1729 512 1779 lupus
540 1728 710 1774 stabulis,
739 1729 894 1766 maturis
923 1728 1094 1778 frugibus
1122 1730 1274 1774 imbres,
1460 1737 1501 1767 80

109 1789 305 1826 arboribus
333 1789 446 1833 venti,
476 1789 589 1826 nobis
618 1786 861 1837 Amaryllidis
890 1789 978 1826 irae.

162 1847 226 1885 M.
255 1848 377 1886 Dulce
406 1848 497 1886 satis
526 1860 648 1892 umor,
679 1847 848 1897 depulsis
877 1848 1032 1885 arbutus
1061 1848 1204 1894 haedis,

107 1906 209 1945 lenta
237 1908 330 1945 salix
358 1907 438 1945 feto
466 1907 609 1956 pecori,
639 1906 732 1943 mihi
761 1906 864 1944 solus
893 1907 1092 1956 Amyntas.

162 1966 216 2004 D.
246 1967 368 2004 Pollio
397 1973 501 2004 amat
528 1973 712 2011 nostram,
743 1967 916 2014 quamvis
946 1973 1003 2003 est
1032 1966 1181 2012 rustica,
1212 1966 1392 2004 Musam:

109 2024 287 2073 Pierides,
315 2026 470 2063 vitulam
497 2025 629 2063 lectori
658 2026 801 2074 pascite
829 2032 964 2063 vestro.
1453 2034 1492 2072 85

160 2085 223 2123 M.
253 2085 374 2122 Pollio
403 2091 441 2122 et
469 2085 553 2133 ipse
582 2083 672 2121 facit
701 2096 802 2121 nova
831 2085 1022 2122 carmina:
1063 2084 1207 2132 pascite
1237 2091 1398 2129 taurum,

106 2144 183 2182 iam
211 2157 333 2183 cornu
360 2151 464 2194 petat
493 2151 529 2181 et
556 2143 720 2193 pedibus
748 2144 813 2192 qui
843 2150 997 2192 spargat
1025 2143 1219 2181 harenam.

159 2203 212 2242 D.
242 2204 321 2250 Qui
348 2211 397 2250 te,
426 2203 561 2249 Pollio,
591 2209 704 2248 amat,
733 2203 860 2239 veniat
889 2214 967 2251 quo
997 2209 1033 2240 te
1062 2214 1217 2252 quoque
1246 2204 1409 2253 gaudet;

106 2264 218 2301 mella
245 2264 365 2301 fluant
393 2263 456 2308 illi,
484 2262 579 2300 ferat
607 2269 643 2299 et
670 2262 786 2299 rubus
816 2274 927 2310 asper
954 2274 1164 2300 amomum.

159 2321 222 2359 Μ
252 2322 330 2369 Qui
359 2322 519 2359 Bavium
547 2333 627 2358 non
656 2321 747 2365 odit,
778 2327 879 2357 amet
907 2327 972 2359 tua
1000 2322 1181 2367 carmina,
1210 2320 1349 2367 Maevi,
1449 2338 1490 2369 90

106 2387 221 2429 atque
248 2381 350 2418 idem
378 2382 510 2430 iungat
531 2380 663 2429 vulpes
692 2386 730 2417 et
757 2379 926 2428 mulgeat
953 2380 1091 2418 hircos.

159 2439 211 2476 D.
240 2437 318 2486 Qui
345 2439 468 2490 legitis
496 2439 610 2478 flores
640 2446 678 2476 et
705 2439 811 2476 humi
839 2440 1035 2477 nascentia
1062 2440 1180 2490 fraga,
