1669 2737
554 86 722 121 LIBER
758 85 797 122 V.
830 80 1043 136 341—418.

106 194 212 244 Ergo
239 193 373 233 alacris
402 199 641 244 cunctosque
671 200 812 244 putans
841 193 1027 231 excedere
1057 192 1184 241 palma

106 255 261 292 Aeneae
290 254 389 291 stetit
417 261 505 292 ante
533 255 663 303 pedes,
693 266 765 291 nec
795 253 902 302 plura
931 260 1101 290 moratus

104 320 186 351 tum
214 313 322 351 laeva
349 320 499 351 taurum
528 325 649 351 cornu
678 319 781 350 tenet
810 320 924 361 atque
954 314 1004 349 ita
1034 311 1154 349 fatur:

105 372 229 410 ‘Nate
257 372 341 418 dea,
371 373 402 410 si
432 384 549 410 nemo
578 372 691 409 audet
722 384 761 409 se
791 372 947 410 credere
976 382 1140 420 pugnae,

104 444 202 481 quae
231 432 316 471 finis
345 432 496 470 standi?
535 443 612 482 quo
641 444 704 469 me
735 432 844 468 decet
872 443 995 480 usque
1024 430 1169 467 teneri?

104 490 255 529 Ducere
285 492 387 529 dona
416 491 526 530 iube!
583 491 723 529 Cuncti
758 491 869 528 simul
899 503 965 528 ore
995 489 1207 527 fremebant

102 549 346 588 Dardanidae
374 552 560 601 reddique
589 551 668 588 viro
699 551 888 600 promissa
918 550 1109 587 iubebant.

104 609 180 647 Hic
208 610 332 659 gravis
360 610 552 648 Entellum
581 610 690 647 dictis
719 610 878 658 castigat
906 609 1078 653 Acestes,

102 670 300 718 proximus
327 676 369 707 ut
396 670 580 708 viridante
609 676 694 707 toro
726 670 953 706 consederat
981 669 1147 706 herbae:

104 728 275 766 ‘Entelle
303 728 464 767 heroum
494 729 691 779 quondam
722 728 927 766 fortissime
957 728 1103 773 frustra,

101 793 256 826 tantane
284 795 362 825 tam
390 788 540 837 patiens
568 788 674 825 nullo
704 789 908 826 certamine
938 788 1016 825 tolli

102 846 205 885 dona
233 848 360 886 sines?
398 849 463 886 ubi
493 861 596 886 nunc
626 849 738 886 nobis
769 849 862 886 deus
892 848 952 886 ille
982 848 1164 897 magister

100 908 333 957 nequiquam
362 916 596 946 memoratus
626 908 756 957 Eryx?
799 909 863 945 ubi
894 908 995 945 fama
1023 920 1090 956 per
1119 919 1275 945 omnem

101 965 341 1005 Trinacriam
369 974 407 1005 et
436 968 557 1018 spolia
584 967 646 1005 illa
675 969 747 1005 tuis
776 967 984 1016 pendentia
1013 968 1120 1004 tectis
1137 966 1170 1004 ?²

100 1024 167 1062 Ille
196 1027 267 1063 sub
296 1026 414 1065 haec:
453 1027 569 1065 ‘Non
599 1027 721 1064 laudis
751 1038 860 1064 amor
888 1039 960 1064 nec
991 1027 1112 1075 gloria
1142 1027 1254 1063 cessit

99 1084 209 1133 pulsa
237 1093 366 1133 metu;
406 1086 474 1124 sed
502 1087 603 1124 enim
633 1086 782 1134 gelidus
812 1087 984 1123 tardante
1015 1093 1168 1123 senecta

99 1145 254 1193 sanguis
282 1145 406 1191 hebet,
435 1146 651 1196 frigentque
680 1146 815 1183 effetae
846 1146 883 1182 in
918 1157 1079 1194 corpore
1108 1145 1215 1182 vires.

101 1203 140 1241 Si
169 1204 272 1250 mihi,
303 1217 400 1254 quae
429 1205 627 1255 quondam
657 1205 779 1243 fuerat
810 1217 961 1254 quaque
990 1205 1188 1253 improbus
1217 1205 1286 1242 iste

99 1263 260 1301 exsultat
288 1264 420 1312 fidens,
451 1265 481 1303 si
511 1277 613 1302 nunc
643 1265 739 1302 foret
767 1265 830 1301 illa
859 1265 1041 1309 iuventas,

97 1322 201 1359 haud
231 1323 408 1372 equidem
438 1325 559 1374 pretio
588 1324 765 1361 inductus
794 1324 1032 1372 pulchroque
1061 1324 1222 1360 iuvenco

98 1382 299 1428 venissem,
328 1395 400 1420 nec
430 1384 533 1421 dona
562 1381 715 1420 moror.'
774 1382 836 1420 Sic
867 1382 1005 1420 deinde
1033 1382 1183 1419 locutus

97 1441 137 1478 in
165 1441 335 1479 medium
363 1442 540 1491 geminos
569 1443 726 1479 immani
756 1443 930 1491 pondere
961 1448 1111 1480 caestus

97 1500 269 1550 proiecit,
298 1501 436 1550 quibus
465 1513 552 1539 acer
579 1502 681 1551 Eryx
711 1502 749 1538 in
778 1502 923 1551 proelia
952 1509 1081 1538 suetus

99 1559 193 1597 ferre
221 1571 380 1597 manum
410 1560 583 1610 duroque
612 1560 807 1598 intendere
837 1560 1015 1598 bracchia
1043 1568 1163 1609 tergo.

98 1618 342 1668 Obstupuere
371 1620 512 1658 animi:
551 1626 746 1658 tantorum
775 1621 944 1669 ingentia
973 1626 1121 1669 septem

97 1685 203 1727 terga
230 1679 349 1716 boum
378 1679 539 1729 plumbo
568 1680 694 1717 insuto
725 1679 901 1728 ferroque
931 1680 1116 1728 rigebant.

96 1739 198 1776 Ante
227 1751 364 1777 omnes
393 1746 521 1789 stupet
549 1740 631 1789 ipse
659 1739 784 1777 Dares
814 1739 1007 1788 longeque
1035 1746 1205 1785 recusat;

97 1799 444 1849 magnanimusque
473 1799 726 1837 Anchisiades
756 1805 793 1836 et
822 1799 976 1848 pondus
1005 1805 1042 1836 et
1071 1799 1156 1848 ipsa

95 1856 171 1895 huc
200 1858 286 1896 illuc
314 1858 526 1897 vinclorum
554 1859 742 1897 immensa
771 1859 965 1896 volumina
994 1865 1127 1896 versat.

97 1917 202 1955 Tum
231 1919 362 1956 senior
388 1919 480 1957 tales
510 1919 697 1957 referebat
725 1925 881 1968 pectore
911 1931 1049 1956 voces:

97 1975 237 2022 ‘Quid‚
267 1978 297 2015 si
326 1978 410 2028 quis
438 1986 589 2017 caestus
618 1978 737 2028 ipsius
767 1984 804 2015 et
834 1977 1012 2015 Herculis
1042 1990 1149 2015 arma

96 2036 249 2074 vidisset
276 2037 498 2087 tristemque
526 2038 602 2076 hoc
632 2038 718 2087 ipso
747 2037 785 2074 in
814 2037 921 2074 litore
949 2039 1149 2087 pugnam?

99 2095 209 2133 Haec
237 2108 440 2144 germanus
468 2098 571 2147 Eryx
600 2097 798 2147 quondam
828 2104 914 2134 tuus
942 2109 1048 2134 arma
1076 2098 1253 2145 gerebat;

97 2153 301 2205 (sanguine
330 2156 453 2194 cernis
483 2156 608 2194 adhuc
639 2168 850 2206 sparsoque
881 2155 1020 2193 infecta
1049 2157 1207 2194 cerebro
1223 2156 1250 2208 ;)

97 2214 156 2253 his
183 2227 370 2264 magnum
397 2216 558 2254 Alciden
588 2224 720 2254 contra
749 2216 862 2260 stetit,
891 2215 949 2252 his
978 2227 1053 2264 ego
1083 2223 1225 2262 suetus,

96 2273 190 2312 dum
217 2274 351 2312 melior
379 2275 474 2313 vires
503 2276 657 2324 sanguis
687 2275 812 2319 dabat,
843 2274 993 2311 aemula
1023 2274 1190 2312 necdum

96 2334 332 2383 temporibus
361 2335 525 2383 geminis
553 2336 714 2372 canebat
743 2346 875 2383 sparsa
904 2343 1092 2371 senectus.

97 2393 176 2432 Sed
204 2393 236 2431 si
264 2400 395 2431 nostra
423 2393 545 2432 Dares
573 2394 669 2432 haec
699 2393 846 2431 Tro'sus
876 2405 982 2431 arma
1011 2401 1172 2439 recusat,

96 2453 213 2503 idque
240 2452 306 2504 pio
336 2453 444 2491 sedet
472 2453 640 2499 Aeneae,
670 2453 807 2503 probat
838 2459 971 2491 auctor
1002 2453 1172 2500 Acestes,

1428 800 1489 830 390

1425 1100 1484 1132 395

1421 1399 1484 1429 400

1422 1697 1483 1728 405

1423 1996 1485 2025 4¹0

1418 2293 1481 2324 415
