1669 2737
121 79 203 108 200
700 69 736 104 A
741 68 926 105 ENEIS.

120 181 193 217 iarn
223 179 390 217 medium
420 179 586 217 aetherio
616 190 728 216 cursu
757 179 954 216 traiecerat
985 188 1109 214 axem.

120 240 169 278 Et
198 241 274 278 fors
302 253 417 277 omne
448 241 578 277 datum
608 239 800 276 traherent
829 250 897 287 per
926 238 1015 274 talia
1043 243 1209 284 tempus,

121 301 188 338 sed
218 312 349 338 comes
378 299 576 336 admonuit
605 299 839 347 breviterque
869 297 983 334 affata
1013 295 1156 343 Sibylla
1184 301 1263 331 est:

123 359 234 397 ‘Nox
263 359 346 404 ruit,
377 359 531 403 Aenea;
572 369 644 394 nos
675 357 804 395 flendo
833 356 1009 393 ducimus
1038 354 1163 391 horas.

122 419 197 456 Hic
226 419 334 456 locus
363 425 430 463 est,
460 424 588 466 partes
617 417 681 453 ubi
711 429 751 454 se
780 416 839 452 via
868 415 975 452 findit
1003 416 1042 452 in
1072 414 1229 450 ambas:

123 480 275 516 dextera
305 490 403 527 quae
433 477 530 514 Ditis
559 477 690 525 magni
720 476 790 513 sub
818 475 972 512 moenia
1000 473 1133 517 tendit,

121 539 193 576 hac
221 539 289 575 iter
318 537 488 586 Elysium
519 537 653 582 nobis;
693 542 731 572 at
759 535 866 572 laeva
894 534 1083 570 malorum

122 605 272 635 exercet
301 608 448 646 poenas
477 603 514 633 et
544 596 594 632 ad
622 595 739 644 impia
767 593 928 631 Tartara
956 591 1090 629 mittit?

122 657 348 706 Deiphobus
378 662 511 693 contra
542 654 624 691 ‘Ne
655 655 764 700 saevi,
796 666 939 702 magna
968 652 1171 690 sacerdos:

122 716 329 760 discedam,
359 715 524 763 explebo
553 725 755 750 numerum
783 713 996 760 reddarque
1026 711 1202 748 tenebris.

123 776 141 813 I
171 776 297 820 decus,
328 775 350 819 i,
381 779 577 810 nostrum:
617 772 838 809 melioribus
867 778 969 808 utere
1000 770 1107 806 fatis.'

123 834 293 872 Tantum
323 833 468 877 effatus,
501 838 538 869 et
566 833 605 868 in
636 832 751 868 verbo
781 830 938 878 vestigia
967 829 1084 866 torsit.

177 893 348 942 Respicit
376 893 528 929 Aeneas
558 890 682 927 subito
712 897 749 926 et
779 890 850 925 sub
879 901 972 937 rupe
1003 888 1151 925 sinistra

122 953 276 990 moenia
306 952 380 988 lata
408 951 519 995 videt,
550 949 683 998 triplici
713 948 946 986 circumdata
975 960 1096 993 muro,

124 1024 220 1061 quae
248 1011 403 1060 rapidus
432 1009 598 1046 flammis
627 1008 746 1044 ambit
776 1007 1006 1044 torrentibus
1035 1006 1171 1050 amnis,

124 1072 328 1108 Tartareus
358 1068 608 1117 Phlegethon,
640 1073 867 1116 torquetque
897 1066 1074 1103 sonantia
1104 1077 1207 1103 saxa.

124 1131 236 1168 Porta
265 1129 423 1166 adversa
451 1129 598 1176 ingens,
629 1126 830 1174 solidoque
859 1125 1064 1162 adamante
1093 1124 1306 1166 columnae,

123 1192 177 1227 vis
206 1196 247 1226 ut
277 1188 378 1225 nulla
408 1187 539 1232 virum,
569 1198 649 1222 non
679 1185 751 1233 ipsi
779 1184 1003 1222 exscindere
1032 1184 1134 1220 bello

124 1248 327 1287 caelicolae
357 1246 531 1292 valeant3
572 1252 644 1282 stat
673 1244 794 1281 ferrea
822 1244 932 1281 turris
961 1243 1010 1280 ad
1040 1255 1161 1287 auras,

124 1308 414 1357 Tisiphoneque
444 1305 593 1349 sedens,
624 1304 723 1354 palla
752 1304 946 1341 succincta
975 1310 1143 1347 cruenta,

123 1366 349 1405 vestibulum
379 1365 575 1401 exsomnis
605 1370 726 1401 servat
755 1369 966 1411 noctesque
998 1362 1167 1411 diesque.

123 1428 229 1464 Hinc
259 1425 429 1463 exaudiri
460 1425 624 1473 gemitus
655 1431 691 1460 et
721 1435 833 1460 saeva
862 1434 999 1459 sonare

123 1487 288 1530 verbera,
319 1492 400 1522 tum
431 1483 568 1521 stridor
596 1483 679 1519 ferri
710 1490 930 1530 tractaeque
959 1490 1129 1518 catenae.

124 1545 303 1584 Constitit
331 1544 484 1580 Aeneas
513 1543 788 1591 strepitumque
819 1541 1015 1578 exterritus
1044 1540 1181 1577 hausit.

125 1605 259 1651 ‘Quae
289 1603 476 1640 scelerum
506 1601 647 1639 facies?
685 1613 709 1637 o
740 1602 858 1649 virgo,
891 1600 1027 1645 effare;
1067 1600 1251 1648 quibusve

123 1670 307 1712 urgentur
336 1661 497 1710 poenis?
537 1661 621 1709 quis
651 1667 777 1697 tantus
808 1660 968 1708 plangor
997 1658 1045 1695 ad
1074 1659 1224 1694 aures?’

125 1724 228 1760 Tum
258 1729 362 1758 vates
393 1722 445 1757 sic
475 1732 563 1757 orsa
592 1720 719 1768 loqui:
761 1719 874 1756 ‘Dux
903 1718 1029 1755 inclite
1059 1717 1264 1759 Teucrum,

125 1783 215 1820 nulli
246 1782 301 1818 fas
333 1787 437 1818 casto
469 1780 693 1817 sceleratum
725 1779 896 1815 insistere
925 1777 1066 1822 limen;

126 1843 194 1880 sed
222 1853 285 1878 me
315 1852 402 1877 cum
433 1839 526 1876 lucis
556 1838 706 1875 Hecate
735 1836 917 1886 praefecit
946 1836 1120 1879 Avernis‚

125 1903 208 1950 ipsa
237 1901 350 1937 deum
381 1910 528 1947 poenas
559 1897 688 1934 docuit
717 1908 859 1945 perque
889 1896 1018 1932 omnia
1048 1895 1164 1931 duxit.

128 1961 297 1999 Gnosius
327 1959 422 1995 haec
454 1956 772 1994 Rhadamanthus
802 1955 916 1992 habet
946 1954 1146 1991 durissima
1174 1965 1294 2002 regna

127 2020 363 2068 castigatque
393 2017 574 2065 auditque
603 2015 713 2052 dolos
743 2014 958 2063 subigitque
988 2013 1105 2057 fateri,

127 2091 226 2129 quae
255 2078 340 2126 quis
370 2076 473 2125 apud
503 2087 673 2124 superos,
704 2074 804 2112 furto
834 2074 991 2110 laetatus
1021 2073 1134 2116 inani,

128 2139 271 2176 distulit
299 2138 338 2173 in
367 2149 490 2173 seram
521 2135 728 2172 commissa
756 2133 907 2182 piacula
935 2139 1110 2169 mortem.

129 2198 326 2236 Continuo
357 2204 486 2232 sontes
517 2194 625 2230 ultrix
655 2193 826 2230 accincta
856 2191 1006 2240 flagello

131 2257 347 2306 Tisiphone
378 2255 497 2303 quatit
527 2253 723 2296 insultans,
754 2258 959 2299 torvosque
990 2250 1140 2288 sinistra

129 2319 322 2353 intentans
352 2325 497 2362 angues
527 2319 637 2349 vocat
666 2312 821 2359 agmina
851 2322 961 2347 saeva
990 2321 1178 2347 sororum.

130 2376 234 2413 Tum
267 2375 421 2411 demum
452 2371 653 2408 horrisono
684 2370 884 2407 stridentes
914 2368 1068 2406 cardine
1098 2380 1230 2406 sacrae

130 2434 350 2484 panduntur
379 2438 521 2481 portae.
581 2430 726 2475 Cernis,
758 2429 930 2467 custodia
960 2428 1081 2477 qualis

1446 425 1510 456 540

1447 721 1509 754 545

1449 1017 1512 1049 550

1450 1313 1510 1345 555

1450 1604 1514 1643 560

1451 1899 1512 1940 565

1453 2202 1518 2236 570
