<?xml version="1.0" encoding="UTF-8"?>
<!DOCTYPE html PUBLIC "-//W3C//DTD XHTML 1.0 Transitional//EN"
    "http://www.w3.org/TR/xhtml1/DTD/xhtml1-transitional.dtd">
<html xmlns="http://www.w3.org/1999/xhtml" xml:lang="en" lang="en">
 <head>
  <title>
</title>
<meta http-equiv="Content-Type" content="text/html;charset=utf-8" />
  <meta name='ocr-system' content='tesseract 3.04.00' />
  <meta name='ocr-capabilities' content='ocr_page ocr_carea ocr_par ocr_line ocrx_word'/>
</head>
<body>
  <div class='ocr_page' id='page_1' title='image "./operavirgilwithi01virguoft_0112.png"; bbox 0 0 1669 2737; ppageno 0'>
   <div class='ocr_carea' id='block_1_1' title="bbox 167 79 1003 127">
    <p class='ocr_par' dir='ltr' id='par_1_1' title="bbox 167 79 1003 127">
     <span class='ocr_line' id='line_1_1' title="bbox 167 79 1003 127; baseline 0 -10"><span class='ocrx_word' id='word_1_1' title='bbox 167 88 223 127; x_wconf 89' lang='lat'><strong>44</strong></span> <span class='ocrx_word' id='word_1_2' title='bbox 716 79 1003 117; x_wconf 82' lang='lat' dir='ltr'><em>GEORGICA.</em></span> 
     </span>
    </p>
   </div>
   <div class='ocr_carea' id='block_1_2' title="bbox 167 188 1334 2505">
    <p class='ocr_par' dir='ltr' id='par_1_2' title="bbox 167 188 1260 478">
     <span class='ocr_line' id='line_1_2' title="bbox 167 188 1228 240; baseline -0.002 -13"><span class='ocrx_word' id='word_1_3' title='bbox 167 190 307 240; x_wconf 87' lang='lat' dir='ltr'><strong>quique</strong></span> <span class='ocrx_word' id='word_1_4' title='bbox 336 188 514 239; x_wconf 84' lang='lat' dir='ltr'>frequens</span> <span class='ocrx_word' id='word_1_5' title='bbox 541 188 669 226; x_wconf 83' lang='lat' dir='ltr'><strong>herbis</strong></span> <span class='ocrx_word' id='word_1_6' title='bbox 700 195 736 226; x_wconf 92' lang='lat' dir='ltr'><strong>et</strong></span> <span class='ocrx_word' id='word_1_7' title='bbox 765 189 893 227; x_wconf 89' lang='lat' dir='ltr'><strong>fertilis</strong></span> <span class='ocrx_word' id='word_1_8' title='bbox 922 190 1038 226; x_wconf 91' lang='lat' dir='ltr'><strong>ubere</strong></span> <span class='ocrx_word' id='word_1_9' title='bbox 1067 200 1228 238; x_wconf 87' lang='lat' dir='ltr'><strong>campus</strong></span> 
     </span>
     <span class='ocr_line' id='line_1_3' title="bbox 169 248 1172 300; baseline 0 -14"><span class='ocrx_word' id='word_1_10' title='bbox 169 249 336 300; x_wconf 88' lang='lat' dir='ltr'><strong>(qualem</strong></span> <span class='ocrx_word' id='word_1_11' title='bbox 367 261 480 298; x_wconf 86' lang='lat' dir='ltr'>saepe</span> <span class='ocrx_word' id='word_1_12' title='bbox 509 261 602 286; x_wconf 89' lang='lat' dir='ltr'><strong>cava</strong></span> <span class='ocrx_word' id='word_1_13' title='bbox 629 249 773 286; x_wconf 87' lang='lat' dir='ltr'><strong>montis</strong></span> <span class='ocrx_word' id='word_1_14' title='bbox 803 248 975 286; x_wconf 88' lang='lat' dir='ltr'><strong>convalle</strong></span> <span class='ocrx_word' id='word_1_15' title='bbox 1005 248 1172 286; x_wconf 89' lang='lat' dir='ltr'><strong>solemus</strong></span> 
     </span>
     <span class='ocr_line' id='line_1_4' title="bbox 169 309 1260 360; baseline -0.002 -12"><span class='ocrx_word' id='word_1_16' title='bbox 169 311 387 360; x_wconf 81' lang='lat' dir='ltr'><strong>despicere:</strong></span> <span class='ocrx_word' id='word_1_17' title='bbox 426 310 502 348; x_wconf 90' lang='lat' dir='ltr'><strong>huc</strong></span> <span class='ocrx_word' id='word_1_18' title='bbox 530 310 690 347; x_wconf 87' lang='lat' dir='ltr'><strong>summis</strong></span> <span class='ocrx_word' id='word_1_19' title='bbox 718 309 912 359; x_wconf 82' lang='lat' dir='ltr'><strong>liquuntur</strong></span> <span class='ocrx_word' id='word_1_20' title='bbox 941 310 1098 358; x_wconf 84' lang='lat' dir='ltr'>rupibus</span> <span class='ocrx_word' id='word_1_21' title='bbox 1126 320 1260 346; x_wconf 89' lang='lat' dir='ltr'><strong>amnes</strong></span> 
     </span>
     <span class='ocr_line' id='line_1_5' title="bbox 168 369 1249 421; baseline -0.001 -12"><span class='ocrx_word' id='word_1_22' title='bbox 168 371 393 421; x_wconf 84' lang='lat' dir='ltr'><strong>felicemque</strong></span> <span class='ocrx_word' id='word_1_23' title='bbox 421 371 574 408; x_wconf 86' lang='lat' dir='ltr'><strong>trahunt</strong></span> <span class='ocrx_word' id='word_1_24' title='bbox 601 369 753 419; x_wconf 73' lang='lat' dir='ltr'><strong>limum)</strong></span> <span class='ocrx_word' id='word_1_25' title='bbox 782 371 923 420; x_wconf 87' lang='lat' dir='ltr'><strong>quique</strong></span> <span class='ocrx_word' id='word_1_26' title='bbox 952 371 1075 408; x_wconf 90' lang='lat' dir='ltr'><strong>editus</strong></span> <span class='ocrx_word' id='word_1_27' title='bbox 1104 370 1249 408; x_wconf 88' lang='lat' dir='ltr'><strong>Austro</strong></span> 
     </span>
     <span class='ocr_line' id='line_1_6' title="bbox 167 429 1041 478; baseline -0.001 -11"><span class='ocrx_word' id='word_1_28' title='bbox 167 437 206 467; x_wconf 93' lang='lat' dir='ltr'><strong>et</strong></span> <span class='ocrx_word' id='word_1_29' title='bbox 234 430 371 467; x_wconf 89' lang='lat' dir='ltr'><strong>filicem</strong></span> <span class='ocrx_word' id='word_1_30' title='bbox 400 431 523 467; x_wconf 92' lang='lat' dir='ltr'><strong>curvis</strong></span> <span class='ocrx_word' id='word_1_31' title='bbox 552 430 711 467; x_wconf 88' lang='lat' dir='ltr'><strong>invisam</strong></span> <span class='ocrx_word' id='word_1_32' title='bbox 740 430 861 478; x_wconf 88' lang='lat' dir='ltr'><strong>pascit</strong></span> <span class='ocrx_word' id='word_1_33' title='bbox 889 429 1041 467; x_wconf 84' lang='lat' dir='ltr'><strong>aratris:</strong></span> 
     </span>
    </p>

    <p class='ocr_par' dir='ltr' id='par_1_3' title="bbox 167 489 1125 597">
     <span class='ocr_line' id='line_1_7' title="bbox 167 489 1125 539; baseline -0.001 -11"><span class='ocrx_word' id='word_1_34' title='bbox 167 490 229 528; x_wconf 89' lang='lat' dir='ltr'><strong>hic</strong></span> <span class='ocrx_word' id='word_1_35' title='bbox 256 490 324 527; x_wconf 89' lang='lat' dir='ltr'><strong>tibi</strong></span> <span class='ocrx_word' id='word_1_36' title='bbox 352 490 586 539; x_wconf 88' lang='lat' dir='ltr'><strong>praevalidas</strong></span> <span class='ocrx_word' id='word_1_37' title='bbox 615 490 706 527; x_wconf 86' lang='lat' dir='ltr'><strong>olim</strong></span> <span class='ocrx_word' id='word_1_38' title='bbox 736 490 932 538; x_wconf 88' lang='lat' dir='ltr'><strong>multoque</strong></span> <span class='ocrx_word' id='word_1_39' title='bbox 963 489 1125 527; x_wconf 87' lang='lat' dir='ltr'><strong>fluentes</strong></span> 
     </span>
     <span class='ocr_line' id='line_1_8' title="bbox 168 551 1030 597; baseline -0.001 -9"><span class='ocrx_word' id='word_1_40' title='bbox 168 552 326 589; x_wconf 85' lang='lat' dir='ltr'><strong>sufficiet</strong></span> <span class='ocrx_word' id='word_1_41' title='bbox 356 551 512 589; x_wconf 89' lang='lat' dir='ltr'><strong>Baccho</strong></span> <span class='ocrx_word' id='word_1_42' title='bbox 540 551 643 597; x_wconf 87' lang='lat' dir='ltr'><strong>vites,</strong></span> <span class='ocrx_word' id='word_1_43' title='bbox 674 551 735 588; x_wconf 93' lang='lat' dir='ltr'><strong>hic</strong></span> <span class='ocrx_word' id='word_1_44' title='bbox 764 551 894 588; x_wconf 90' lang='lat' dir='ltr'><strong>fertilis</strong></span> <span class='ocrx_word' id='word_1_45' title='bbox 922 563 1030 597; x_wconf 87' lang='lat' dir='ltr'><strong>uvae,</strong></span> 
     </span>
    </p>

    <p class='ocr_par' dir='ltr' id='par_1_4' title="bbox 167 610 1185 779">
     <span class='ocr_line' id='line_1_9' title="bbox 168 610 1131 660; baseline -0.001 -12"><span class='ocrx_word' id='word_1_46' title='bbox 168 611 230 648; x_wconf 90' lang='lat' dir='ltr'><strong>hic</strong></span> <span class='ocrx_word' id='word_1_47' title='bbox 258 611 389 654; x_wconf 86' lang='lat' dir='ltr'><strong>laticis,</strong></span> <span class='ocrx_word' id='word_1_48' title='bbox 419 610 570 660; x_wconf 89' lang='lat' dir='ltr'><strong>qualern</strong></span> <span class='ocrx_word' id='word_1_49' title='bbox 599 611 738 660; x_wconf 91' lang='lat' dir='ltr'><strong>pateris</strong></span> <span class='ocrx_word' id='word_1_50' title='bbox 767 610 930 647; x_wconf 83' lang='lat' dir='ltr'><strong>libamus</strong></span> <span class='ocrx_word' id='word_1_51' title='bbox 959 617 996 647; x_wconf 90' lang='lat' dir='ltr'><strong>et</strong></span> <span class='ocrx_word' id='word_1_52' title='bbox 1025 622 1131 656; x_wconf 89' lang='lat' dir='ltr'><strong>auro,</strong></span> 
     </span>
     <span class='ocr_line' id='line_1_10' title="bbox 168 670 1185 720; baseline -0.001 -11"><span class='ocrx_word' id='word_1_53' title='bbox 168 672 311 709; x_wconf 84' lang='lat' dir='ltr'><strong>inflavit</strong></span> <span class='ocrx_word' id='word_1_54' title='bbox 339 684 426 709; x_wconf 90' lang='lat' dir='ltr'><strong>cum</strong></span> <span class='ocrx_word' id='word_1_55' title='bbox 454 671 607 720; x_wconf 87' lang='lat' dir='ltr'><strong>pinguis</strong></span> <span class='ocrx_word' id='word_1_56' title='bbox 636 671 730 708; x_wconf 89' lang='lat' dir='ltr'><strong>ebur</strong></span> <span class='ocrx_word' id='word_1_57' title='bbox 758 670 982 720; x_wconf 84' lang='lat' dir='ltr'><strong>Tyrrhenus</strong></span> <span class='ocrx_word' id='word_1_58' title='bbox 1011 671 1060 708; x_wconf 88' lang='lat' dir='ltr'><strong>ad</strong></span> <span class='ocrx_word' id='word_1_59' title='bbox 1089 681 1185 717; x_wconf 87' lang='lat' dir='ltr'><strong>aras,</strong></span> 
     </span>
     <span class='ocr_line' id='line_1_11' title="bbox 167 730 1130 779; baseline -0.002 -11"><span class='ocrx_word' id='word_1_60' title='bbox 167 731 339 768; x_wconf 87' lang='lat' dir='ltr'><strong>lancibus</strong></span> <span class='ocrx_word' id='word_1_61' title='bbox 367 737 404 768; x_wconf 89' lang='lat' dir='ltr'><strong>et</strong></span> <span class='ocrx_word' id='word_1_62' title='bbox 431 730 569 779; x_wconf 89' lang='lat' dir='ltr'><strong>pandis</strong></span> <span class='ocrx_word' id='word_1_63' title='bbox 598 730 782 767; x_wconf 83' lang='lat' dir='ltr'><strong>fumantia</strong></span> <span class='ocrx_word' id='word_1_64' title='bbox 810 730 1002 767; x_wconf 89' lang='lat' dir='ltr'><strong>reddimus</strong></span> <span class='ocrx_word' id='word_1_65' title='bbox 1032 736 1130 767; x_wconf 87' lang='lat' dir='ltr'><strong>exta.</strong></span> 
     </span>
    </p>

    <p class='ocr_par' dir='ltr' id='par_1_5' title="bbox 171 789 1150 840">
     <span class='ocr_line' id='line_1_12' title="bbox 171 789 1150 840; baseline -0.003 -11"><span class='ocrx_word' id='word_1_66' title='bbox 171 791 237 829; x_wconf 88' lang='lat' dir='ltr'><strong>Sin</strong></span> <span class='ocrx_word' id='word_1_67' title='bbox 267 798 439 829; x_wconf 87' lang='lat' dir='ltr'><strong>armenta</strong></span> <span class='ocrx_word' id='word_1_68' title='bbox 467 791 590 840; x_wconf 87' lang='lat' dir='ltr'><strong>magis</strong></span> <span class='ocrx_word' id='word_1_69' title='bbox 619 790 785 828; x_wconf 88' lang='lat' dir='ltr'><strong>studium</strong></span> <span class='ocrx_word' id='word_1_70' title='bbox 814 790 1027 839; x_wconf 90' lang='lat' dir='ltr'><strong>vitulosque</strong></span> <span class='ocrx_word' id='word_1_71' title='bbox 1056 789 1150 827; x_wconf 91' lang='lat' dir='ltr'><strong>tueri</strong></span> 
     </span>
    </p>

    <p class='ocr_par' dir='ltr' id='par_1_6' title="bbox 168 849 1127 898">
     <span class='ocr_line' id='line_1_13' title="bbox 168 849 1127 898; baseline -0.002 -10"><span class='ocrx_word' id='word_1_72' title='bbox 168 858 233 888; x_wconf 88' lang='lat' dir='ltr'><strong>aut</strong></span> <span class='ocrx_word' id='word_1_73' title='bbox 261 850 357 888; x_wconf 86' lang='lat' dir='ltr'><strong>fetus</strong></span> <span class='ocrx_word' id='word_1_74' title='bbox 386 850 514 887; x_wconf 91' lang='lat' dir='ltr'><strong>ovium</strong></span> <span class='ocrx_word' id='word_1_75' title='bbox 543 856 608 887; x_wconf 90' lang='lat' dir='ltr'><strong>aut</strong></span> <span class='ocrx_word' id='word_1_76' title='bbox 635 858 790 887; x_wconf 88' lang='lat' dir='ltr'><strong>urentes</strong></span> <span class='ocrx_word' id='word_1_77' title='bbox 820 850 920 887; x_wconf 88' lang='lat' dir='ltr'><strong>culta</strong></span> <span class='ocrx_word' id='word_1_78' title='bbox 948 849 1127 898; x_wconf 87' lang='lat' dir='ltr'><strong>capellas,</strong></span> 
     </span>
    </p>

    <p class='ocr_par' dir='ltr' id='par_1_7' title="bbox 170 908 1082 958">
     <span class='ocr_line' id='line_1_14' title="bbox 170 908 1082 958; baseline -0.002 -11"><span class='ocrx_word' id='word_1_79' title='bbox 170 910 286 947; x_wconf 90' lang='lat' dir='ltr'><strong>saltus</strong></span> <span class='ocrx_word' id='word_1_80' title='bbox 315 916 353 947; x_wconf 88' lang='lat' dir='ltr'><strong>et</strong></span> <span class='ocrx_word' id='word_1_81' title='bbox 381 909 496 946; x_wconf 90' lang='lat' dir='ltr'><strong>saturi</strong></span> <span class='ocrx_word' id='word_1_82' title='bbox 524 909 644 958; x_wconf 84' lang='lat' dir='ltr'><strong>petito</strong></span> <span class='ocrx_word' id='word_1_83' title='bbox 673 908 885 957; x_wconf 89' lang='lat' dir='ltr'><strong>longinqua</strong></span> <span class='ocrx_word' id='word_1_84' title='bbox 914 908 1082 954; x_wconf 86' lang='lat' dir='ltr'><strong>Tarenti,</strong></span> 
     </span>
    </p>

    <p class='ocr_par' dir='ltr' id='par_1_8' title="bbox 169 967 1133 1078">
     <span class='ocr_line' id='line_1_15' title="bbox 169 967 1099 1018; baseline -0.003 -11"><span class='ocrx_word' id='word_1_85' title='bbox 169 976 206 1007; x_wconf 89' lang='lat' dir='ltr'><strong>et</strong></span> <span class='ocrx_word' id='word_1_86' title='bbox 235 968 386 1018; x_wconf 90' lang='lat' dir='ltr'><strong>qualem</strong></span> <span class='ocrx_word' id='word_1_87' title='bbox 416 968 545 1005; x_wconf 84' lang='lat' dir='ltr'><strong>infelix</strong></span> <span class='ocrx_word' id='word_1_88' title='bbox 574 968 699 1005; x_wconf 90' lang='lat' dir='ltr'><strong>amisit</strong></span> <span class='ocrx_word' id='word_1_89' title='bbox 728 967 890 1005; x_wconf 86' lang='lat' dir='ltr'><strong>Mantua</strong></span> <span class='ocrx_word' id='word_1_90' title='bbox 918 979 1099 1016; x_wconf 89' lang='lat' dir='ltr'><strong>campum</strong></span> 
     </span>
     <span class='ocr_line' id='line_1_16' title="bbox 170 1027 1133 1078; baseline -0.003 -12"><span class='ocrx_word' id='word_1_91' title='bbox 170 1034 392 1078; x_wconf 87' lang='lat' dir='ltr'><strong>pascentem</strong></span> <span class='ocrx_word' id='word_1_92' title='bbox 421 1027 553 1065; x_wconf 91' lang='lat' dir='ltr'><strong>niveos</strong></span> <span class='ocrx_word' id='word_1_93' title='bbox 583 1027 749 1065; x_wconf 89' lang='lat' dir='ltr'><strong>herboso</strong></span> <span class='ocrx_word' id='word_1_94' title='bbox 779 1027 937 1064; x_wconf 90' lang='lat' dir='ltr'><strong>flumine</strong></span> <span class='ocrx_word' id='word_1_95' title='bbox 966 1037 1133 1075; x_wconf 87' lang='lat' dir='ltr'><strong>cycnos:</strong></span> 
     </span>
    </p>

    <p class='ocr_par' dir='ltr' id='par_1_9' title="bbox 169 1084 1309 1254">
     <span class='ocr_line' id='line_1_17' title="bbox 169 1084 1309 1135; baseline -0.003 -11"><span class='ocrx_word' id='word_1_96' title='bbox 169 1099 249 1125; x_wconf 92' lang='lat' dir='ltr'><strong>non</strong></span> <span class='ocrx_word' id='word_1_97' title='bbox 278 1086 409 1135; x_wconf 90' lang='lat' dir='ltr'><strong>liquidi</strong></span> <span class='ocrx_word' id='word_1_98' title='bbox 437 1086 617 1134; x_wconf 87' lang='lat' dir='ltr'><strong>gregibus</strong></span> <span class='ocrx_word' id='word_1_99' title='bbox 646 1085 784 1131; x_wconf 89' lang='lat' dir='ltr'><strong>fontes,</strong></span> <span class='ocrx_word' id='word_1_100' title='bbox 813 1097 894 1122; x_wconf 89' lang='lat' dir='ltr'><strong>non</strong></span> <span class='ocrx_word' id='word_1_101' title='bbox 923 1085 1098 1134; x_wconf 84' lang='lat' dir='ltr'><strong>gramina</strong></span> <span class='ocrx_word' id='word_1_102' title='bbox 1127 1084 1309 1130; x_wconf 80' lang='lat' dir='ltr'><strong>deerunt3</strong></span> 
     </span>
     <span class='ocr_line' id='line_1_18' title="bbox 169 1144 1135 1195; baseline -0.004 -11"><span class='ocrx_word' id='word_1_103' title='bbox 169 1154 205 1184; x_wconf 89' lang='lat' dir='ltr'><strong>et</strong></span> <span class='ocrx_word' id='word_1_104' title='bbox 234 1152 419 1195; x_wconf 87' lang='lat' dir='ltr'><strong>quantum</strong></span> <span class='ocrx_word' id='word_1_105' title='bbox 449 1145 577 1193; x_wconf 89' lang='lat' dir='ltr'><strong>longis</strong></span> <span class='ocrx_word' id='word_1_106' title='bbox 606 1151 763 1193; x_wconf 87' lang='lat' dir='ltr'><strong>carpent</strong></span> <span class='ocrx_word' id='word_1_107' title='bbox 791 1153 961 1181; x_wconf 88' lang='lat' dir='ltr'><strong>armenta</strong></span> <span class='ocrx_word' id='word_1_108' title='bbox 989 1144 1135 1190; x_wconf 86' lang='lat' dir='ltr'><strong>diebus,</strong></span> 
     </span>
     <span class='ocr_line' id='line_1_19' title="bbox 169 1204 1097 1254; baseline -0.002 -12"><span class='ocrx_word' id='word_1_109' title='bbox 169 1206 308 1254; x_wconf 82' lang='lat' dir='ltr'><strong>exigua</strong></span> <span class='ocrx_word' id='word_1_110' title='bbox 336 1211 485 1241; x_wconf 89' lang='lat' dir='ltr'><strong>tantum</strong></span> <span class='ocrx_word' id='word_1_111' title='bbox 514 1204 661 1253; x_wconf 84' lang='lat' dir='ltr'><strong>gelidus</strong></span> <span class='ocrx_word' id='word_1_112' title='bbox 690 1216 753 1241; x_wconf 87' lang='lat' dir='ltr'><strong>ros</strong></span> <span class='ocrx_word' id='word_1_113' title='bbox 782 1210 896 1241; x_wconf 90' lang='lat' dir='ltr'><strong>nocte</strong></span> <span class='ocrx_word' id='word_1_114' title='bbox 925 1209 1097 1253; x_wconf 86' lang='lat' dir='ltr'><strong>reponet.</strong></span> 
     </span>
    </p>

    <p class='ocr_par' dir='ltr' id='par_1_10' title="bbox 170 1263 1334 1540">
     <span class='ocr_line' id='line_1_20' title="bbox 170 1263 1232 1313; baseline -0.004 -11"><span class='ocrx_word' id='word_1_115' title='bbox 170 1264 292 1313; x_wconf 84' lang='lat' dir='ltr'><strong>Nigra</strong></span> <span class='ocrx_word' id='word_1_116' title='bbox 320 1263 397 1301; x_wconf 89' lang='lat' dir='ltr'><strong>fere</strong></span> <span class='ocrx_word' id='word_1_117' title='bbox 426 1271 463 1300; x_wconf 88' lang='lat' dir='ltr'><strong>et</strong></span> <span class='ocrx_word' id='word_1_118' title='bbox 492 1275 626 1312; x_wconf 91' lang='lat' dir='ltr'><strong>presso</strong></span> <span class='ocrx_word' id='word_1_119' title='bbox 656 1263 810 1312; x_wconf 86' lang='lat' dir='ltr'><strong>pinguis</strong></span> <span class='ocrx_word' id='word_1_120' title='bbox 840 1263 910 1300; x_wconf 89' lang='lat' dir='ltr'><strong>sub</strong></span> <span class='ocrx_word' id='word_1_121' title='bbox 939 1274 1093 1299; x_wconf 91' lang='lat' dir='ltr'><strong>vomere</strong></span> <span class='ocrx_word' id='word_1_122' title='bbox 1122 1268 1232 1306; x_wconf 90' lang='lat' dir='ltr'><strong>terra,</strong></span> 
     </span>
     <span class='ocr_line' id='line_1_21' title="bbox 170 1315 1334 1372; baseline -0.004 -11"><span class='ocrx_word' id='word_1_123' title='bbox 170 1331 208 1361; x_wconf 89' lang='lat' dir='ltr'><strong>et</strong></span> <span class='ocrx_word' id='word_1_124' title='bbox 236 1323 296 1361; x_wconf 90' lang='lat' dir='ltr'><strong>cui</strong></span> <span class='ocrx_word' id='word_1_125' title='bbox 325 1330 432 1372; x_wconf 90' lang='lat' dir='ltr'><strong>putre</strong></span> <span class='ocrx_word' id='word_1_126' title='bbox 462 1322 588 1359; x_wconf 90' lang='lat' dir='ltr'><strong>solum</strong></span> <span class='ocrx_word' id='word_1_127' title='bbox 620 1324 805 1371; x_wconf 86' lang='lat' dir='ltr'><strong>(namque</strong></span> <span class='ocrx_word' id='word_1_128' title='bbox 835 1321 911 1359; x_wconf 93' lang='lat' dir='ltr'><strong>hoc</strong></span> <span class='ocrx_word' id='word_1_129' title='bbox 940 1321 1131 1358; x_wconf 85' lang='lat' dir='ltr'><strong>imitamur</strong></span> <span class='ocrx_word' id='word_1_130' title='bbox 1159 1315 1334 1370; x_wconf 89' lang='lat' dir='ltr'><strong>arando),</strong></span> 
     </span>
     <span class='ocr_line' id='line_1_22' title="bbox 170 1383 1231 1433; baseline -0.003 -12"><span class='ocrx_word' id='word_1_131' title='bbox 170 1385 316 1433; x_wconf 85' lang='lat' dir='ltr'><strong>optima</strong></span> <span class='ocrx_word' id='word_1_132' title='bbox 345 1383 570 1420; x_wconf 87' lang='lat' dir='ltr'><strong>frumentis:</strong></span> <span class='ocrx_word' id='word_1_133' title='bbox 609 1394 690 1419; x_wconf 88' lang='lat' dir='ltr'><strong>non</strong></span> <span class='ocrx_word' id='word_1_134' title='bbox 719 1383 795 1420; x_wconf 91' lang='lat' dir='ltr'><strong>ullo</strong></span> <span class='ocrx_word' id='word_1_135' title='bbox 824 1394 871 1419; x_wconf 86' lang='lat' dir='ltr'><strong>ex</strong></span> <span class='ocrx_word' id='word_1_136' title='bbox 901 1393 1069 1430; x_wconf 89' lang='lat' dir='ltr'><strong>aequore</strong></span> <span class='ocrx_word' id='word_1_137' title='bbox 1098 1393 1231 1418; x_wconf 86' lang='lat' dir='ltr'><strong>cernes</strong></span> 
     </span>
     <span class='ocr_line' id='line_1_23' title="bbox 170 1440 1235 1492; baseline -0.004 -12"><span class='ocrx_word' id='word_1_138' title='bbox 170 1444 278 1492; x_wconf 89' lang='lat' dir='ltr'><strong>plura</strong></span> <span class='ocrx_word' id='word_1_139' title='bbox 307 1442 465 1479; x_wconf 88' lang='lat' dir='ltr'><strong>domurn</strong></span> <span class='ocrx_word' id='word_1_140' title='bbox 495 1441 610 1479; x_wconf 86' lang='lat' dir='ltr'><strong>tardis</strong></span> <span class='ocrx_word' id='word_1_141' title='bbox 641 1441 826 1479; x_wconf 90' lang='lat' dir='ltr'><strong>decedere</strong></span> <span class='ocrx_word' id='word_1_142' title='bbox 856 1440 1024 1490; x_wconf 88' lang='lat' dir='ltr'><strong>plaustra</strong></span> <span class='ocrx_word' id='word_1_143' title='bbox 1054 1440 1235 1477; x_wconf 88' lang='lat' dir='ltr'><strong>iuvencis.</strong></span> 
     </span>
     <span class='ocr_line' id='line_1_24' title="bbox 170 1500 1022 1540; baseline -0.005 0"><span class='ocrx_word' id='word_1_144' title='bbox 170 1504 249 1540; x_wconf 90' lang='lat' dir='ltr'><strong>Aut</strong></span> <span class='ocrx_word' id='word_1_145' title='bbox 275 1502 377 1538; x_wconf 88' lang='lat' dir='ltr'><strong>unde</strong></span> <span class='ocrx_word' id='word_1_146' title='bbox 405 1502 520 1538; x_wconf 89' lang='lat' dir='ltr'><strong>iratus</strong></span> <span class='ocrx_word' id='word_1_147' title='bbox 551 1501 683 1538; x_wconf 91' lang='lat' dir='ltr'><strong>silvam</strong></span> <span class='ocrx_word' id='word_1_148' title='bbox 713 1500 866 1537; x_wconf 83' lang='lat' dir='ltr'><strong>devexit</strong></span> <span class='ocrx_word' id='word_1_149' title='bbox 895 1507 1022 1537; x_wconf 89' lang='lat' dir='ltr'><strong>arator</strong></span> 
     </span>
    </p>

    <p class='ocr_par' dir='ltr' id='par_1_11' title="bbox 170 1559 1190 1726">
     <span class='ocr_line' id='line_1_25' title="bbox 171 1559 1153 1607; baseline -0.004 -9"><span class='ocrx_word' id='word_1_150' title='bbox 171 1568 208 1598; x_wconf 90' lang='lat' dir='ltr'><strong>et</strong></span> <span class='ocrx_word' id='word_1_151' title='bbox 237 1571 394 1597; x_wconf 90' lang='lat' dir='ltr'><strong>nemora</strong></span> <span class='ocrx_word' id='word_1_152' title='bbox 422 1559 552 1596; x_wconf 88' lang='lat' dir='ltr'><strong>evertit</strong></span> <span class='ocrx_word' id='word_1_153' title='bbox 580 1559 721 1596; x_wconf 88' lang='lat' dir='ltr'><strong>multos</strong></span> <span class='ocrx_word' id='word_1_154' title='bbox 750 1559 890 1607; x_wconf 84' lang='lat' dir='ltr'><strong>ignava</strong></span> <span class='ocrx_word' id='word_1_155' title='bbox 919 1570 988 1607; x_wconf 92' lang='lat' dir='ltr'><strong>per</strong></span> <span class='ocrx_word' id='word_1_156' title='bbox 1017 1569 1153 1602; x_wconf 88' lang='lat' dir='ltr'><strong>annos,</strong></span> 
     </span>
     <span class='ocr_line' id='line_1_26' title="bbox 170 1615 1190 1668; baseline -0.005 -11"><span class='ocrx_word' id='word_1_157' title='bbox 170 1620 421 1668; x_wconf 86' lang='lat' dir='ltr'><strong>antiquasque</strong></span> <span class='ocrx_word' id='word_1_158' title='bbox 451 1618 590 1655; x_wconf 89' lang='lat' dir='ltr'><strong>domos</strong></span> <span class='ocrx_word' id='word_1_159' title='bbox 619 1618 746 1655; x_wconf 90' lang='lat' dir='ltr'><strong>avium</strong></span> <span class='ocrx_word' id='word_1_160' title='bbox 775 1629 864 1655; x_wconf 91' lang='lat' dir='ltr'><strong>cum</strong></span> <span class='ocrx_word' id='word_1_161' title='bbox 894 1617 1073 1665; x_wconf 86' lang='lat' dir='ltr'><strong>stirpibus</strong></span> <span class='ocrx_word' id='word_1_162' title='bbox 1103 1615 1190 1653; x_wconf 88' lang='lat' dir='ltr'><strong>imis</strong></span> 
     </span>
     <span class='ocr_line' id='line_1_27' title="bbox 170 1675 1037 1726; baseline -0.005 -10"><span class='ocrx_word' id='word_1_163' title='bbox 170 1679 288 1717; x_wconf 87' lang='lat' dir='ltr'><strong>eruit:</strong></span> <span class='ocrx_word' id='word_1_164' title='bbox 328 1678 414 1714; x_wconf 86' lang='lat' dir='ltr'><strong>illae</strong></span> <span class='ocrx_word' id='word_1_165' title='bbox 444 1677 559 1714; x_wconf 88' lang='lat' dir='ltr'><strong>altum</strong></span> <span class='ocrx_word' id='word_1_166' title='bbox 589 1676 687 1714; x_wconf 88' lang='lat' dir='ltr'><strong>nidis</strong></span> <span class='ocrx_word' id='word_1_167' title='bbox 716 1677 858 1726; x_wconf 86' lang='lat' dir='ltr'><strong>petiere</strong></span> <span class='ocrx_word' id='word_1_168' title='bbox 887 1675 1037 1721; x_wconf 84' lang='lat' dir='ltr'><strong>relictis,</strong></span> 
     </span>
    </p>

    <p class='ocr_par' dir='ltr' id='par_1_12' title="bbox 171 1738 1077 1787">
     <span class='ocr_line' id='line_1_28' title="bbox 171 1738 1077 1787; baseline -0.006 -9"><span class='ocrx_word' id='word_1_169' title='bbox 171 1748 209 1778; x_wconf 86' lang='lat' dir='ltr'><strong>at</strong></span> <span class='ocrx_word' id='word_1_170' title='bbox 237 1740 341 1777; x_wconf 91' lang='lat' dir='ltr'><strong>rudis</strong></span> <span class='ocrx_word' id='word_1_171' title='bbox 369 1738 502 1776; x_wconf 89' lang='lat' dir='ltr'><strong>enituit</strong></span> <span class='ocrx_word' id='word_1_172' title='bbox 530 1738 695 1787; x_wconf 89' lang='lat' dir='ltr'><strong>impulso</strong></span> <span class='ocrx_word' id='word_1_173' title='bbox 725 1749 878 1774; x_wconf 91' lang='lat' dir='ltr'><strong>vomere</strong></span> <span class='ocrx_word' id='word_1_174' title='bbox 907 1748 1077 1786; x_wconf 87' lang='lat' dir='ltr'><strong>campus.</strong></span> 
     </span>
    </p>

    <p class='ocr_par' dir='ltr' id='par_1_13' title="bbox 172 1796 1055 1847">
     <span class='ocr_line' id='line_1_29' title="bbox 172 1796 1055 1847; baseline -0.005 -11"><span class='ocrx_word' id='word_1_175' title='bbox 172 1799 275 1836; x_wconf 91' lang='lat' dir='ltr'><strong>Nam</strong></span> <span class='ocrx_word' id='word_1_176' title='bbox 304 1798 429 1835; x_wconf 88' lang='lat' dir='ltr'><strong>ieiuna</strong></span> <span class='ocrx_word' id='word_1_177' title='bbox 458 1797 612 1847; x_wconf 88' lang='lat' dir='ltr'><strong>quidem</strong></span> <span class='ocrx_word' id='word_1_178' title='bbox 642 1796 773 1835; x_wconf 90' lang='lat' dir='ltr'><strong>clivosi</strong></span> <span class='ocrx_word' id='word_1_179' title='bbox 803 1796 931 1845; x_wconf 86' lang='lat' dir='ltr'><strong>glarea</strong></span> <span class='ocrx_word' id='word_1_180' title='bbox 960 1796 1055 1832; x_wconf 92' lang='lat' dir='ltr'><strong>ruris</strong></span> 
     </span>
    </p>

    <p class='ocr_par' dir='ltr' id='par_1_14' title="bbox 172 1857 1201 1908">
     <span class='ocr_line' id='line_1_30' title="bbox 172 1857 1201 1908; baseline -0.004 -11"><span class='ocrx_word' id='word_1_181' title='bbox 172 1861 232 1897; x_wconf 81' lang='lat' dir='ltr'><strong>vix</strong></span> <span class='ocrx_word' id='word_1_182' title='bbox 261 1860 424 1897; x_wconf 86' lang='lat' dir='ltr'><strong>humiles</strong></span> <span class='ocrx_word' id='word_1_183' title='bbox 452 1860 587 1908; x_wconf 89' lang='lat' dir='ltr'><strong>apibus</strong></span> <span class='ocrx_word' id='word_1_184' title='bbox 608 1859 729 1896; x_wconf 90' lang='lat' dir='ltr'><strong>casias</strong></span> <span class='ocrx_word' id='word_1_185' title='bbox 758 1870 957 1907; x_wconf 90' lang='lat' dir='ltr'><strong>roremque</strong></span> <span class='ocrx_word' id='word_1_186' title='bbox 986 1857 1174 1894; x_wconf 86' lang='lat' dir='ltr'><strong>ministrat</strong></span> <span class='ocrx_word' id='word_1_187' title='bbox 1189 1868 1201 1903; x_wconf 88' lang='lat'>;</span> 
     </span>
    </p>

    <p class='ocr_par' dir='ltr' id='par_1_15' title="bbox 171 1917 1073 1968">
     <span class='ocr_line' id='line_1_31' title="bbox 171 1917 1073 1968; baseline -0.006 -10"><span class='ocrx_word' id='word_1_188' title='bbox 171 1928 209 1958; x_wconf 88' lang='lat' dir='ltr'><strong>et</strong></span> <span class='ocrx_word' id='word_1_189' title='bbox 236 1920 337 1957; x_wconf 92' lang='lat' dir='ltr'><strong>tofus</strong></span> <span class='ocrx_word' id='word_1_190' title='bbox 365 1920 501 1957; x_wconf 86' lang='lat' dir='ltr'><strong>scaber</strong></span> <span class='ocrx_word' id='word_1_191' title='bbox 530 1925 567 1956; x_wconf 91' lang='lat' dir='ltr'><strong>et</strong></span> <span class='ocrx_word' id='word_1_192' title='bbox 595 1919 712 1968; x_wconf 87' lang='lat' dir='ltr'><strong>nigris</strong></span> <span class='ocrx_word' id='word_1_193' title='bbox 741 1930 855 1956; x_wconf 85' lang='lat' dir='ltr'><strong>exesa</strong></span> <span class='ocrx_word' id='word_1_194' title='bbox 883 1917 1073 1966; x_wconf 90' lang='lat' dir='ltr'><strong>chelydris</strong></span> 
     </span>
    </p>

    <p class='ocr_par' dir='ltr' id='par_1_16' title="bbox 170 1979 1299 2269">
     <span class='ocr_line' id='line_1_32' title="bbox 171 1979 1130 2030; baseline -0.005 -11"><span class='ocrx_word' id='word_1_195' title='bbox 171 1988 274 2019; x_wconf 88' lang='lat' dir='ltr'><strong>creta</strong></span> <span class='ocrx_word' id='word_1_196' title='bbox 301 1987 445 2030; x_wconf 86' lang='lat' dir='ltr'><strong>negant</strong></span> <span class='ocrx_word' id='word_1_197' title='bbox 472 1980 566 2018; x_wconf 89' lang='lat' dir='ltr'><strong>alios</strong></span> <span class='ocrx_word' id='word_1_198' title='bbox 595 1992 717 2029; x_wconf 88' lang='lat' dir='ltr'><strong>aeque</strong></span> <span class='ocrx_word' id='word_1_199' title='bbox 747 1979 986 2028; x_wconf 87' lang='lat' dir='ltr'><strong>serpentibus</strong></span> <span class='ocrx_word' id='word_1_200' title='bbox 1015 1990 1130 2027; x_wconf 88' lang='lat' dir='ltr'><strong>agros</strong></span> 
     </span>
     <span class='ocr_line' id='line_1_33' title="bbox 171 2037 1240 2087; baseline -0.005 -9"><span class='ocrx_word' id='word_1_201' title='bbox 171 2041 322 2079; x_wconf 90' lang='lat' dir='ltr'><strong>dulcem</strong></span> <span class='ocrx_word' id='word_1_202' title='bbox 351 2040 445 2077; x_wconf 91' lang='lat' dir='ltr'><strong>serre</strong></span> <span class='ocrx_word' id='word_1_203' title='bbox 473 2040 600 2077; x_wconf 90' lang='lat' dir='ltr'><strong>cibum</strong></span> <span class='ocrx_word' id='word_1_204' title='bbox 630 2047 666 2076; x_wconf 85' lang='lat' dir='ltr'><strong>et</strong></span> <span class='ocrx_word' id='word_1_205' title='bbox 695 2050 828 2076; x_wconf 91' lang='lat' dir='ltr'><strong>curvas</strong></span> <span class='ocrx_word' id='word_1_206' title='bbox 857 2038 1038 2087; x_wconf 90' lang='lat' dir='ltr'><strong>praebere</strong></span> <span class='ocrx_word' id='word_1_207' title='bbox 1066 2037 1240 2074; x_wconf 88' lang='lat' dir='ltr'><strong>latebras.</strong></span> 
     </span>
     <span class='ocr_line' id='line_1_34' title="bbox 171 2095 1299 2147; baseline -0.005 -10"><span class='ocrx_word' id='word_1_208' title='bbox 171 2100 283 2147; x_wconf 87' lang='lat' dir='ltr'><strong>Quae</strong></span> <span class='ocrx_word' id='word_1_209' title='bbox 311 2106 465 2137; x_wconf 90' lang='lat' dir='ltr'><strong>tenuem</strong></span> <span class='ocrx_word' id='word_1_210' title='bbox 494 2098 645 2136; x_wconf 81' lang='lat' dir='ltr'><strong>exhalat</strong></span> <span class='ocrx_word' id='word_1_211' title='bbox 672 2097 851 2135; x_wconf 87' lang='lat' dir='ltr'><strong>nebulam</strong></span> <span class='ocrx_word' id='word_1_212' title='bbox 881 2096 1085 2145; x_wconf 88' lang='lat' dir='ltr'><strong>fumosque</strong></span> <span class='ocrx_word' id='word_1_213' title='bbox 1114 2095 1299 2139; x_wconf 84' lang='lat' dir='ltr'><strong>volucres,</strong></span> 
     </span>
     <span class='ocr_line' id='line_1_35' title="bbox 170 2155 1297 2205; baseline -0.006 -7"><span class='ocrx_word' id='word_1_214' title='bbox 170 2168 208 2199; x_wconf 90' lang='lat' dir='ltr'><strong>et</strong></span> <span class='ocrx_word' id='word_1_215' title='bbox 236 2161 330 2197; x_wconf 88' lang='lat' dir='ltr'><strong>bibit</strong></span> <span class='ocrx_word' id='word_1_216' title='bbox 357 2171 531 2197; x_wconf 91' lang='lat' dir='ltr'><strong>umorem</strong></span> <span class='ocrx_word' id='word_1_217' title='bbox 560 2165 607 2204; x_wconf 92' lang='lat' dir='ltr'><strong>et,</strong></span> <span class='ocrx_word' id='word_1_218' title='bbox 638 2171 725 2196; x_wconf 90' lang='lat' dir='ltr'><strong>cum</strong></span> <span class='ocrx_word' id='word_1_219' title='bbox 755 2158 843 2203; x_wconf 89' lang='lat' dir='ltr'><strong>vult,</strong></span> <span class='ocrx_word' id='word_1_220' title='bbox 873 2169 921 2194; x_wconf 84' lang='lat' dir='ltr'><strong>ex</strong></span> <span class='ocrx_word' id='word_1_221' title='bbox 950 2169 991 2194; x_wconf 91' lang='lat' dir='ltr'><strong>se</strong></span> <span class='ocrx_word' id='word_1_222' title='bbox 1020 2157 1104 2205; x_wconf 88' lang='lat' dir='ltr'><strong>ipsa</strong></span> <span class='ocrx_word' id='word_1_223' title='bbox 1131 2155 1297 2200; x_wconf 91' lang='lat' dir='ltr'><strong>remittit,</strong></span> 
     </span>
     <span class='ocr_line' id='line_1_36' title="bbox 170 2215 1183 2269; baseline -0.006 -12"><span class='ocrx_word' id='word_1_224' title='bbox 170 2232 344 2269; x_wconf 84' lang='lat' dir='ltr'><strong>quaeque</strong></span> <span class='ocrx_word' id='word_1_225' title='bbox 374 2231 444 2256; x_wconf 90' lang='lat' dir='ltr'><strong>suo</strong></span> <span class='ocrx_word' id='word_1_226' title='bbox 475 2230 627 2268; x_wconf 87' lang='lat' dir='ltr'><strong>semper</strong></span> <span class='ocrx_word' id='word_1_227' title='bbox 655 2218 763 2255; x_wconf 89' lang='lat' dir='ltr'><strong>viridi</strong></span> <span class='ocrx_word' id='word_1_228' title='bbox 791 2229 832 2254; x_wconf 89' lang='lat' dir='ltr'><strong>se</strong></span> <span class='ocrx_word' id='word_1_229' title='bbox 862 2217 1033 2265; x_wconf 89' lang='lat' dir='ltr'><strong>gramine</strong></span> <span class='ocrx_word' id='word_1_230' title='bbox 1062 2215 1183 2262; x_wconf 87' lang='lat' dir='ltr'><strong>vestit,</strong></span> 
     </span>
    </p>

    <p class='ocr_par' dir='ltr' id='par_1_17' title="bbox 170 2274 1119 2324">
     <span class='ocr_line' id='line_1_37' title="bbox 170 2274 1119 2324; baseline -0.006 -8"><span class='ocrx_word' id='word_1_231' title='bbox 170 2291 243 2316; x_wconf 90' lang='lat' dir='ltr'><strong>nec</strong></span> <span class='ocrx_word' id='word_1_232' title='bbox 272 2278 398 2315; x_wconf 90' lang='lat' dir='ltr'><strong>scabie</strong></span> <span class='ocrx_word' id='word_1_233' title='bbox 428 2284 464 2315; x_wconf 92' lang='lat' dir='ltr'><strong>et</strong></span> <span class='ocrx_word' id='word_1_234' title='bbox 494 2277 593 2314; x_wconf 87' lang='lat' dir='ltr'><strong>salsa</strong></span> <span class='ocrx_word' id='word_1_235' title='bbox 621 2277 736 2315; x_wconf 89' lang='lat' dir='ltr'><strong>laedit</strong></span> <span class='ocrx_word' id='word_1_236' title='bbox 763 2276 936 2324; x_wconf 85' lang='lat' dir='ltr'><strong>robigine</strong></span> <span class='ocrx_word' id='word_1_237' title='bbox 966 2274 1119 2320; x_wconf 90' lang='lat' dir='ltr'><strong>ferrum,</strong></span> 
     </span>
    </p>

    <p class='ocr_par' dir='ltr' id='par_1_18' title="bbox 171 2335 962 2379">
     <span class='ocr_line' id='line_1_38' title="bbox 171 2335 962 2379; baseline -0.005 -4"><span class='ocrx_word' id='word_1_238' title='bbox 171 2339 232 2375; x_wconf 88' lang='lat' dir='ltr'><strong>illa</strong></span> <span class='ocrx_word' id='word_1_239' title='bbox 259 2337 325 2374; x_wconf 89' lang='lat' dir='ltr'><strong>tibi</strong></span> <span class='ocrx_word' id='word_1_240' title='bbox 353 2336 460 2374; x_wconf 89' lang='lat' dir='ltr'><strong>laetis</strong></span> <span class='ocrx_word' id='word_1_241' title='bbox 489 2336 633 2373; x_wconf 88' lang='lat' dir='ltr'><strong>intexet</strong></span> <span class='ocrx_word' id='word_1_242' title='bbox 661 2335 797 2372; x_wconf 90' lang='lat' dir='ltr'><strong>vitibus</strong></span> <span class='ocrx_word' id='word_1_243' title='bbox 824 2335 962 2379; x_wconf 89' lang='lat' dir='ltr'><strong>ulmos,</strong></span> 
     </span>
    </p>

    <p class='ocr_par' dir='ltr' id='par_1_19' title="bbox 170 2392 1122 2444">
     <span class='ocr_line' id='line_1_39' title="bbox 170 2392 1122 2444; baseline -0.006 -8"><span class='ocrx_word' id='word_1_244' title='bbox 170 2400 232 2436; x_wconf 88' lang='lat' dir='ltr'><strong>illa</strong></span> <span class='ocrx_word' id='word_1_245' title='bbox 259 2397 363 2435; x_wconf 85' lang='lat' dir='ltr'><strong>ferax</strong></span> <span class='ocrx_word' id='word_1_246' title='bbox 392 2397 478 2434; x_wconf 92' lang='lat' dir='ltr'><strong>oleo</strong></span> <span class='ocrx_word' id='word_1_247' title='bbox 507 2403 574 2442; x_wconf 88' lang='lat' dir='ltr'><strong>est,</strong></span> <span class='ocrx_word' id='word_1_248' title='bbox 602 2395 706 2433; x_wconf 90' lang='lat' dir='ltr'><strong>illam</strong></span> <span class='ocrx_word' id='word_1_249' title='bbox 735 2395 928 2444; x_wconf 86' lang='lat' dir='ltr'><strong>experiere</strong></span> <span class='ocrx_word' id='word_1_250' title='bbox 958 2392 1122 2431; x_wconf 90' lang='lat' dir='ltr'><strong>colendo</strong></span> 
     </span>
    </p>

    <p class='ocr_par' dir='ltr' id='par_1_20' title="bbox 171 2450 1158 2505">
     <span class='ocr_line' id='line_1_40' title="bbox 171 2450 1158 2505; baseline -0.005 -10"><span class='ocrx_word' id='word_1_251' title='bbox 171 2466 209 2496; x_wconf 90' lang='lat' dir='ltr'><strong>et</strong></span> <span class='ocrx_word' id='word_1_252' title='bbox 238 2456 384 2494; x_wconf 88' lang='lat' dir='ltr'><strong>facilem</strong></span> <span class='ocrx_word' id='word_1_253' title='bbox 414 2455 544 2505; x_wconf 90' lang='lat' dir='ltr'><strong>pecori</strong></span> <span class='ocrx_word' id='word_1_254' title='bbox 572 2461 608 2492; x_wconf 89' lang='lat' dir='ltr'><strong>et</strong></span> <span class='ocrx_word' id='word_1_255' title='bbox 637 2454 845 2504; x_wconf 88' lang='lat' dir='ltr'><strong>patientem</strong></span> <span class='ocrx_word' id='word_1_256' title='bbox 868 2452 1032 2490; x_wconf 89' lang='lat' dir='ltr'><strong>vomeris</strong></span> <span class='ocrx_word' id='word_1_257' title='bbox 1055 2450 1158 2490; x_wconf 85' lang='lat' dir='ltr'><strong>unci.</strong></span> 
     </span>
    </p>
   </div>
   <div class='ocr_carea' id='block_1_3' title="bbox 1494 193 1553 234">
    <p class='ocr_par' dir='ltr' id='par_1_21' title="bbox 1494 193 1553 234">
     <span class='ocr_line' id='line_1_41' title="bbox 1494 193 1553 234; baseline -0.017 -8"><span class='ocrx_word' id='word_1_258' title='bbox 1494 193 1553 234; x_wconf 85' lang='lat'><strong>185</strong></span> 
     </span>
    </p>
   </div>
   <div class='ocr_carea' id='block_1_4' title="bbox 1493 502 1558 536">
    <p class='ocr_par' dir='ltr' id='par_1_22' title="bbox 1493 502 1558 536">
     <span class='ocr_line' id='line_1_42' title="bbox 1493 502 1558 536; baseline -0.015 -11"><span class='ocrx_word' id='word_1_259' title='bbox 1493 502 1558 536; x_wconf 85' lang='lat'><strong>190</strong></span> 
     </span>
    </p>
   </div>
   <div class='ocr_carea' id='block_1_5' title="bbox 1497 800 1557 836">
    <p class='ocr_par' dir='ltr' id='par_1_23' title="bbox 1497 800 1557 836">
     <span class='ocr_line' id='line_1_43' title="bbox 1497 800 1557 836; baseline -0.033 0"><span class='ocrx_word' id='word_1_260' title='bbox 1497 800 1557 836; x_wconf 82' lang='lat'><strong>195</strong></span> 
     </span>
    </p>
   </div>
   <div class='ocr_carea' id='block_1_6' title="bbox 1494 1095 1559 1120">
    <p class='ocr_par' dir='ltr' id='par_1_24' title="bbox 1494 1095 1559 1120">
     <span class='ocr_line' id='line_1_44' title="bbox 1494 1095 1559 1120; baseline -0.046 0"><span class='ocrx_word' id='word_1_261' title='bbox 1494 1095 1559 1120; x_wconf 86' lang='lat'><strong>200</strong></span> 
     </span>
    </p>
   </div>
   <div class='ocr_carea' id='block_1_7' title="bbox 1497 1391 1557 1424">
    <p class='ocr_par' dir='ltr' id='par_1_25' title="bbox 1497 1391 1557 1424">
     <span class='ocr_line' id='line_1_45' title="bbox 1497 1391 1557 1424; baseline 0 -10"><span class='ocrx_word' id='word_1_262' title='bbox 1497 1391 1557 1424; x_wconf 84' lang='lat'><strong>205</strong></span> 
     </span>
    </p>
   </div>
   <div class='ocr_carea' id='block_1_8' title="bbox 1498 1686 1562 1710">
    <p class='ocr_par' dir='ltr' id='par_1_26' title="bbox 1498 1686 1562 1710">
     <span class='ocr_line' id='line_1_46' title="bbox 1498 1686 1562 1710; baseline -0.031 0"><span class='ocrx_word' id='word_1_263' title='bbox 1498 1686 1562 1710; x_wconf 87' lang='lat'><strong>210</strong></span> 
     </span>
    </p>
   </div>
   <div class='ocr_carea' id='block_1_9' title="bbox 1498 1989 1558 2022">
    <p class='ocr_par' dir='ltr' id='par_1_27' title="bbox 1498 1989 1558 2022">
     <span class='ocr_line' id='line_1_47' title="bbox 1498 1989 1558 2022; baseline -0.017 -8"><span class='ocrx_word' id='word_1_264' title='bbox 1498 1989 1558 2022; x_wconf 83' lang='lat'><strong>215</strong></span> 
     </span>
    </p>
   </div>
   <div class='ocr_carea' id='block_1_10' title="bbox 1496 2286 1558 2311">
    <p class='ocr_par' dir='ltr' id='par_1_28' title="bbox 1496 2286 1558 2311">
     <span class='ocr_line' id='line_1_48' title="bbox 1496 2286 1558 2311; baseline -0.065 0"><span class='ocrx_word' id='word_1_265' title='bbox 1496 2286 1558 2311; x_wconf 77' lang='lat'><strong>220</strong></span> 
     </span>
    </p>
   </div>
  </div>
 </body>
</html>
