1669 2737
139 58 221 112 296
708 68 932 106 AENEIS.

137 171 210 209 tela
238 184 357 210 manu
383 173 537 220 iaciens,
567 181 623 213 ter
652 187 784 213 secum
813 177 958 215 Tr0·1·us
988 176 1100 216 heros

137 231 345 269 immanem
374 240 502 271 aerato
532 235 748 273 circumfert
775 236 945 285 tegmine
975 236 1116 275 silvam.

138 289 235 328 Inde
264 292 328 328 ubi
360 299 416 330 tot
444 294 602 332 traxisse
631 307 771 341 moras,
801 301 857 333 tot
886 295 1029 344 spicula
1057 295 1183 335 taedet

137 349 272 387 vellere
302 357 339 388 et
367 359 520 401 urgetur
548 365 678 402 pugna
707 366 937 403 congressus
966 355 1106 403 iniqua,

137 408 255 446 multa
283 422 444 449 movens
472 412 601 450 animo
630 413 705 450 iam
735 413 891 451 tandem
921 414 1085 463 erumpit
1114 421 1150 451 et
1178 415 1276 452 inter

137 468 328 506 bellatoris
357 471 445 519 equi
473 483 566 509 cava
594 479 768 521 tempora
796 473 950 511 coniicit
979 473 1137 511 hastam.

137 527 257 565 Tollit
285 541 325 566 se
355 537 542 568 arrectum
572 532 790 580 quadrupes
819 538 856 569 et
885 532 1051 570 calcibus
1080 544 1190 570 auras

137 587 320 634 verberat,
351 588 590 638 effusumque
619 591 787 640 equitem
817 603 930 640 super
959 592 1040 640 ipse
1070 599 1222 629 secutus

137 646 306 695 implicat
334 648 532 698 eiectoque
561 650 747 687 incumbit
776 663 938 688 cernuus
967 662 1085 688 armo.

138 706 316 745 Clamore
345 709 555 747 incendunt
584 710 731 748 caelum
761 710 961 760 Troesque
990 711 1201 761 Latinique.

137 766 301 804 Advolat
329 768 483 806 Aeneas
513 770 727 818 vaginaque
756 771 866 819 eripit
895 783 1026 807 ensem

138 834 175 864 et
203 839 316 876 super
346 828 464 866 haec:
506 828 605 866 ‘Ubi
634 842 738 868 nunc
769 830 982 868 Mezentius
1011 843 1098 869 acer
1126 838 1163 869 et
1191 831 1253 868 illa

139 887 255 924 effera
282 887 338 924 vis
367 888 522 926 animi?’
579 888 725 927 Contra
753 889 985 938 Tyrrhenus,
1016 898 1057 928 ut
1085 903 1196 929 auras

140 947 351 995 suspiciens
380 947 505 985 hausit
535 948 682 986 caelum
712 955 958 998 mentemque
987 951 1153 999 recepit:

140 1005 301 1043 ‘Hostis
331 1018 470 1053 amare,
500 1008 592 1056 quid
621 1008 822 1056 increpitas
852 1016 1091 1057 mortemque
1118 1009 1299 1046 minaris?

139 1064 283 1102 nullum
313 1065 352 1102 in
381 1066 498 1103 caede
527 1066 645 1112 nefas,
676 1079 747 1104 nec
777 1067 831 1104 sic
859 1067 908 1104 ad
937 1067 1081 1116 proelia
1109 1068 1206 1113 veni,

140 1136 210 1161 nec
239 1132 366 1162 tecum
394 1137 504 1162 meus
534 1125 628 1163 haee
658 1125 802 1176 pepigit
830 1125 922 1163 mihi
951 1126 1105 1163 foedera
1133 1126 1292 1164 Lausus.

140 1183 272 1221 Unum
301 1184 376 1221 hoc
406 1197 473 1233 per
502 1185 533 1222 si
562 1197 639 1234 qua
666 1192 723 1222 est
751 1185 857 1222 victis
886 1186 995 1222 venia
1024 1186 1198 1223 hostibus
1227 1197 1308 1232 oro,

141 1256 278 1293 corpus
307 1243 425 1280 humo
454 1245 596 1292 patiare
625 1244 712 1293 tegi.
771 1243 859 1281 Scio
888 1246 1024 1282 acerba
1051 1256 1225 1282 meorum

141 1304 381 1340 circumstare
410 1303 520 1341 odia:
559 1303 672 1349 hunc,
703 1315 783 1349 oro,
814 1303 976 1342 defende
1005 1304 1171 1342 furorem

142 1369 179 1399 et
206 1375 267 1399 me
296 1369 516 1400 consortem
544 1362 622 1399 nati
652 1362 823 1400 concede
853 1362 1052 1412 sepulcro.’

143 1421 252 1459 Haec
281 1421 445 1471 loquitur
472 1422 678 1471 iuguloque
708 1422 810 1459 haud
839 1422 980 1460 inscius
1009 1422 1147 1471 accipit
1176 1434 1307 1459 ensem

143 1481 377 1530 undantique
406 1481 574 1518 animam
603 1480 780 1518 diffundit
808 1481 847 1518 in
876 1493 981 1518 arma
1010 1493 1149 1518 cruore.

1459 420 1522 463 890

1458 1024 1522 1057 900

1457 1319 1519 1352 905
