1669 2737
539 78 706 112 LIBER
743 78 805 113 Vl.
841 84 1050 126 225—301.
1418 84 1492 124 193

106 187 167 224 ille
196 187 335 225 ducem
363 186 467 224 haud
496 187 636 224 timidis
665 186 867 224 vadentem
896 187 1072 236 passibus
1102 193 1250 235 aequat.

160 246 222 290 Di,
253 246 391 295 quibus
420 247 621 295 imperium
650 254 708 283 est
736 247 962 292 animarum,
991 247 1226 294 umbraeque
1257 244 1409 283 silentes

107 311 144 342 et
172 303 303 341 Chaos
332 311 369 341 et
399 303 648 354 Phlegethon,
678 305 764 342 loca
792 311 906 341 nocte
936 304 1100 342 tacentia
1129 304 1213 350 late,
1434 310 1492 346 205

107 363 154 400 sit
181 362 275 399 mihi
303 362 362 400 fas
395 363 525 400 audita
552 363 668 412 loqui,
700 365 746 400 sit
776 364 932 400 numine
962 372 1086 400 vestro

107 422 278 471 pandere
306 434 366 459 res
397 422 470 459 alta
499 430 595 460 terra
625 430 662 459 et
692 423 852 471 caligine
881 435 1037 460 mersas.

161 479 276 517 Ibant
304 481 458 518 obscuri
487 481 569 518 sola
599 482 670 518 sub
699 489 815 518 nocte
845 494 913 530 per
942 483 1119 518 umbram

106 551 251 588 perque
280 538 421 576 domos
450 539 548 577 Ditis
577 552 718 577 vacuas
748 547 785 577 et
813 540 941 577 inania
969 553 1110 589 regna:

107 598 219 647 quale
248 611 317 647 per
345 599 529 636 incertam
557 598 690 636 lunam
719 600 790 636 sub
819 599 903 637 luce
932 600 1102 648 maligna
1436 612 1495 643 270

107 665 164 695 est
191 658 259 694 iter
287 658 327 694 in
354 658 467 703 silvis,
497 659 561 695 ubi
592 658 738 695 caelum
769 658 941 695 condidit
970 660 1107 695 umbra

108 716 278 766 Iuppiter
306 724 344 754 et
372 718 486 754 rebus
516 729 595 755 nox
625 717 777 755 abstulit
806 726 886 755 atra
915 718 1095 755 colorem.

107 776 353 813 Vestibulum
382 784 469 814 ante
497 777 623 825 ipsum
652 777 783 826 primis
813 777 852 814 in
882 777 1054 814 faucibus
1085 777 1176 815 Orci

107 834 251 872 Luctus
279 841 317 872 et
345 835 497 873 ultrices
526 847 690 884 posuere
721 836 859 872 cubilia
889 835 1025 880 Curae,

107 894 371 944 pallentesque
400 894 573 932 habitant
602 895 733 932 Morbi
763 896 952 944 tristisque
983 895 1168 932 Senectus
1436 909 1494 940 255

109 961 148 991 et
176 955 305 992 Metus
334 962 371 992 et
398 955 619 992 malesuada
647 954 786 992 Fames
815 967 860 992 ac
889 955 1009 1003 turpis
1038 954 1212 1003 Egestas,

108 1013 289 1050 terribiles
318 1013 400 1050 visu
428 1012 584 1058 formae,
616 1013 832 1062 Letumque
863 1013 1098 1062 Labosque3

108 1078 190 1109 tum
219 1072 529 1121 consanguineus
558 1072 642 1109 Leti
673 1072 800 1122 Sopor
828 1080 864 1110 et
894 1073 994 1110 mala
1023 1072 1160 1109 mentis

111 1132 261 1170 Gaudia
288 1132 598 1182 mortiferumque
629 1133 788 1171 adverso
817 1134 856 1170 in
885 1134 1013 1170 limine
1043 1132 1201 1175 Bellum,

109 1192 295 1242 ferreique
323 1192 583 1229 Eumenidum
613 1192 769 1229 thalami
797 1201 834 1230 et
864 1192 1067 1230 Discordia
1096 1192 1267 1233 demens,
1436 1198 1495 1226 280

111 1252 305 1301 vipereum
335 1252 479 1288 crinem
507 1252 605 1288 vittis
635 1252 775 1289 innexa
804 1253 980 1289 cruentis.

165 1310 212 1348 In
240 1310 369 1347 medio
398 1322 525 1347 ramos
554 1322 780 1359 annosaque
809 1310 986 1348 bracchia
1014 1309 1146 1360 pandit

110 1369 237 1407 ulmus
267 1381 391 1417 opaca
419 1369 567 1418 ingens,
598 1381 714 1418 quarn
745 1369 875 1406 sedem
907 1369 1064 1407 Somnia
1094 1369 1206 1417 vulgo

111 1441 209 1465 vana
236 1435 365 1465 tenere
394 1427 517 1465 ferunt
546 1427 720 1476 foliisque
750 1429 820 1465 sub
850 1430 1027 1466 omnibus
1057 1428 1223 1465 haerent.

111 1486 312 1536 Multaque
340 1493 537 1535 praeterea
566 1487 753 1523 variarum
781 1495 954 1524 monstra
983 1488 1146 1524 ferarum
1438 1493 1495 1532 235

112 1546 293 1584 Centauri
321 1546 361 1582 in
389 1545 534 1583 foribus
565 1545 755 1582 stabulant
785 1545 1007 1596 Scyllaeque
1036 1546 1218 1583 biformes

114 1612 151 1643 et
179 1606 511 1654 centumgeminus
540 1604 716 1642 Briareus
746 1617 790 1642 ac
823 1605 933 1642 belua
962 1605 1109 1642 Lernae

112 1664 346 1702 horrendum
376 1663 548 1707 stridens,
579 1663 823 1712 flammisque
853 1673 999 1702 armata
1028 1663 1239 1707 Chimaera,

114 1723 322 1773 Gorgones
352 1723 627 1772 Harpyiaeque
656 1731 693 1760 et
722 1722 846 1760 forma
874 1723 1095 1772 tricorporis
1124 1723 1291 1759 umbrae.

113 1782 279 1832 Corripit
306 1782 369 1819 hic
398 1782 522 1819 subita
551 1782 720 1830 trepidus
749 1781 952 1820 formidine
982 1783 1124 1819 ferrum
1439 1797 1500 1827 290

113 1843 267 1880 Aeneas
296 1842 541 1890 strictamque
571 1842 693 1878 aciem
722 1842 962 1879 venientibus
991 1841 1112 1886 offert,

114 1909 151 1939 et
178 1903 217 1938 ni
247 1901 362 1939 docta
390 1913 522 1938 comes
551 1908 686 1938 tenues
715 1901 797 1938 sine
826 1913 987 1950 corpore
1015 1901 1109 1938 vitas

114 1961 320 1998 admoneat
348 1959 502 1998 volitare
530 1971 624 1997 cava
653 1960 724 1997 sub
752 1960 920 2009 imagine
949 1960 1105 2005 formae,

114 2020 229 2057 irruat
258 2025 295 2056 et
323 2019 458 2057 frustra
485 2019 586 2056 ferro
617 2019 828 2056 diverberet
856 2021 1022 2057 umbras.
1043 2010 1168 2078 E:

169 2078 274 2115 Hinc
302 2079 362 2115 via
390 2078 563 2115 Tartarei
592 2090 689 2127 quae
719 2078 790 2115 fert
817 2078 1048 2116 Acherontis
1077 2077 1126 2114 ad
1154 2077 1288 2115 undas.
1440 2093 1498 2122 295

114 2139 310 2177 Turbidus
338 2138 400 2176 hic
428 2150 550 2176 caeno
578 2146 761 2188 vastaque
790 2139 971 2187 voragine
999 2150 1138 2187 gurges

114 2204 261 2236 aestuat
289 2204 402 2246 atque
431 2209 590 2235 omnem
619 2197 768 2247 Cocyto
798 2205 942 2234 eructat
971 2197 1163 2234 harenam.

114 2258 279 2296 Portitor
306 2258 375 2296 has
404 2259 617 2296 horrendus
647 2271 766 2308 aquas
796 2264 832 2295 et
859 2258 1018 2295 flumina
1050 2265 1171 2295 servat

114 2317 267 2355 terribili
296 2318 472 2367 squalore
502 2316 671 2363 Charon,
702 2317 761 2355 cui
791 2317 954 2366 plurima
983 2323 1114 2354 mento

114 2379 274 2416 canities
302 2378 444 2416 inculta
473 2379 578 2424 iacet,
610 2386 711 2415 stant
740 2378 885 2414 lumina
913 2377 1078 2421 flamma,
1439 2392 1501 2423 300

115 2437 291 2475 sordidus
319 2449 367 2475 ex
395 2437 536 2476 umeris
565 2438 672 2476 nodo
702 2436 892 2487 dependet
922 2436 1094 2474 amictus.

167 2520 256 2547 VOL.
285 2520 310 2546 1.
795 2519 819 2547 Ο
