1669 2737
563 84 732 119 LIBER
760 85 830 122 IV.
867 89 997 140 Ios-1
1007 78 1072 130 84.

125 193 276 241 iamque
305 192 582 230 ministrantem
611 191 809 241 platanum
838 193 1059 242 potantibus
1089 193 1255 231 umbras.

124 250 278 289 Verum.
298 251 391 288 haec
420 251 502 300 ipse
532 251 709 300 equidem
740 253 870 301 spatiis
901 252 1078 289 exclusus
1108 252 1246 300 iniquis

123 318 320 359 praetereo
351 318 465 360 atque
494 310 574 348 aliis
602 317 690 360 post
719 324 780 348 me
810 311 1062 348 memoranda
1090 311 1276 359 relinquo.

177 369 294 408 Nunc
322 383 404 419 age,
435 377 588 408 naturas
617 371 752 419 apibus
781 383 876 420 quas
906 371 1076 420 Iuppiter
1105 371 1186 419 ipse

123 430 278 476 addidit,
309 430 523 479 expediam,
552 442 623 479 pro
652 443 729 479 qua
757 431 934 468 mercede
963 443 1127 468 canoros

122 489 305 527 Curetum
335 490 481 526 sonitus
511 490 809 539 crepitantiaque
839 501 926 527 aera
955 496 1108 527 secutae

121 547 282 585 Dictaeo
312 548 406 586 caeli
435 560 567 597 regem
597 560 733 597 pavere
764 549 835 586 sub
864 555 985 586 antro.

123 607 234 644 Solae
263 618 488 644 communes
517 613 639 650 natos,
670 608 862 644 consortia
891 615 991 645 tecta

119 666 222 703 urbis
251 665 403 710 habent,
433 666 660 714 magnisque
690 667 834 714 agitant
864 668 935 703 sub
965 667 1114 715 legibus
1143 678 1289 711 aevum,

119 731 157 761 et
185 725 346 773 patriam
376 724 481 761 solae
510 731 547 761 et
575 731 699 762 certos
730 737 871 762 novere
900 733 1083 774 penates;

119 789 376 832 venturaeque
404 783 540 821 hiemis
569 796 760 821 memores
791 792 934 822 aestate
964 785 1136 822 laborem

119 842 364 890 experiuntur
392 849 429 879 et
457 843 496 879 in
525 843 694 880 medium
724 845 897 892 quaesita
925 851 1127 892 reponunt.

119 900 298 951 Namque
327 902 422 939 aliae
449 903 549 939 victu
578 903 775 952 invigilant
804 911 841 941 et
870 904 1022 941 foedere
1053 911 1168 953 pacto

118 968 343 997 exercentur
371 961 494 1009 agris;
534 974 621 1010 pars
651 963 750 999 intra
780 969 913 1011 saepta
941 963 1150 1000 domorum·

118 1019 274 1056 narcissi
302 1020 496 1057 lacrimam
526 1028 563 1058 et
592 1021 736 1058 lentum
766 1021 813 1059 de
843 1023 982 1059 cortice
1012 1022 1142 1071 gluten

117 1078 239 1127 prima
267 1078 359 1116 favis
388 1086 539 1128 ponunt
567 1079 804 1124 fundamina,
834 1081 973 1118 deinde
1002 1088 1153 1119 tenaces

118 1138 356 1186 suspendunt
384 1150 513 1184 ceras3
552 1139 646 1176 aliae
677 1152 785 1188 spem
814 1141 939 1189 gentis
968 1141 1119 1178 adultos

116 1196 283 1233 educunt
312 1196 432 1241 fetus;
472 1197 567 1235 aliae
596 1200 798 1246 purissima
827 1200 939 1236 mella

117 1255 256 1304 stipant
285 1263 323 1293 et
351 1256 497 1304 liquido
527 1257 748 1294 distendunt
777 1265 927 1295 nectare
957 1259 1080 1296 cellas.

118 1313 214 1351 Sunt
243 1315 381 1364 quibus
410 1315 459 1352 ad
487 1323 616 1365 portas
645 1317 781 1353 cecidit
812 1318 986 1354 custodia
1015 1318 1118 1364 sorti,

114 1374 230 1422 inque
259 1375 380 1411 vicem
410 1376 653 1424 speculantur
682 1388 800 1425 aquas
830 1385 866 1414 et
895 1378 1023 1414 nubila
1053 1379 1157 1421 caeli,

114 1440 178 1470 aut
206 1445 324 1471 onera
351 1434 543 1483 accipiunt
571 1435 802 1481 venientum,
833 1443 896 1473 aut
925 1438 1078 1485 agmine
1109 1437 1211 1474 facto

113 1493 294 1542 ignavum
324 1493 433 1530 fucos
462 1484 581 1543 pecus
610 1507 632 1532 a
661 1497 909 1545 praesepibus
939 1504 1079 1534 arcent.

114 1551 247 1589 Fervet
276 1565 385 1601 opus,
415 1554 665 1603 redolentque
695 1555 828 1604 thymo
858 1555 1063 1605 fragrantia
1091 1555 1215 1593 mella.

112 1611 172 1647 Ae
200 1611 313 1648 veluti
342 1612 452 1648 lentis
482 1612 675 1662 Cyclopes
704 1613 863 1651 fulmina
892 1615 1029 1652 massis

114 1681 200 1707 cum
230 1678 447 1719 properant,
479 1671 539 1708 alii
568 1673 723 1709 taurinis
753 1672 905 1710 follibus
934 1686 1045 1711 auras

113 1729 305 1777 accipiunt
334 1729 584 1780 redduntque,
615 1731 676 1768 alii
707 1732 901 1769 stridentia
930 1734 1082 1781 tingunt

112 1799 200 1824 aera
227 1788 312 1825 lacu
328 1800 338 1834 3
377 1790 498 1837 gemit
526 1791 713 1839 impositis
744 1791 945 1829 incudibus
974 1794 1122 1837 Aetna;

112 1847 162 1892 illi
191 1848 288 1884 inter
317 1860 401 1885 sese
430 1861 574 1898 magna
601 1851 636 1886 vi
665 1850 819 1887 brachia
848 1851 984 1889 tollunt

111 1907 151 1943 in
179 1919 392 1952 numerum,
422 1916 650 1958 versantque
679 1910 803 1947 tenaci
832 1910 976 1959 forcipe
1006 1910 1171 1948 ferrum:

111 1978 191 2003 non
220 1966 336 2011 aliter,
368 1967 399 2003 si
428 1979 544 2016 parva
571 1968 658 2006 licet
687 1981 920 2018 componere
949 1971 1113 2018 magnis,
1226 1965 1229 1967 ³

112 2024 321 2074 Cecropias
350 2026 504 2063 innatus
534 2039 626 2075 apes
657 2040 765 2065 amor
793 2035 904 2077 urget
934 2028 1102 2066 habendi

110 2096 267 2121 munere
296 2097 490 2134 quamque
520 2098 601 2123 suo.
660 2086 898 2124 Grandaevis
928 2088 1073 2136 oppida
1102 2099 1214 2125 curae

111 2151 148 2180 et
174 2144 321 2180 munire
351 2144 458 2182 favos
487 2153 523 2182 et
553 2146 714 2184 daedala
743 2147 887 2195 fingere
918 2155 1027 2184 tecta.

112 2204 161 2240 At
189 2202 311 2240 fessae
340 2204 459 2241 multa
487 2205 654 2242 referunt
683 2218 722 2242 se
752 2212 866 2242 nocte
896 2207 1074 2251 minores,

110 2274 219 2310 crura
245 2262 379 2311 thymo
408 2264 567 2312 plenae;
606 2272 815 2313 pascuntur
843 2272 880 2302 et
909 2266 1042 2302 arbuta
1071 2266 1215 2314 passim

110 2329 147 2359 et
174 2322 328 2370 glaucas
358 2323 491 2361 salices
523 2325 741 2372 casiamque
772 2336 1004 2373 crocumque
1033 2326 1236 2363 rubentem

111 2389 147 2417 et
174 2382 357 2430 pinguem
385 2383 503 2420 tiliam
533 2391 570 2421 et
598 2384 836 2432 ferrugineos
865 2383 1104 2433 hyacinthos.

112 2438 301 2477 Omnibus
330 2453 407 2478 una
435 2443 541 2491 quies
572 2454 745 2492 operum,
775 2442 883 2479 labor
913 2444 1093 2480 omnibus
1125 2456 1248 2482 unus:

1460 89 1510 132 73

1446 1027 1505 1057 160

1438 2215 1498 2244 180
