1669 2737
175 83 228 125 32
732 75 1020 112 GEORGICA.

176 184 380 222 Exacuunt
409 184 470 222 alii
499 183 618 221 vallos
648 182 849 233 furcasque
878 183 1066 227 bicornes,

176 250 289 292 atque
318 243 502 280 Amerina
532 249 667 291 parant
696 241 822 279 lentae
852 242 1058 279 retinacula
1087 240 1161 278 viti.

176 302 292 340 Nunc
323 302 441 339 facilis
470 302 587 338 rubea
616 308 762 338 texatur
792 301 925 338 fiscina
953 301 1067 349 virga,

176 374 280 398 nunc
308 367 446 398 torrete
475 360 553 408 igni
584 359 721 409 fruges,
752 373 855 398 nunc
885 360 1046 408 frangite
1076 370 1180 396 saxo.

178 419 333 469 Quippe
362 419 476 456 etiarn
506 418 609 456 festis
638 419 829 467 quaedam
858 431 1034 456 exercere
1065 418 1198 455 diebus

177 479 233 516 fas
263 486 300 516 et
328 479 408 515 iura
435 478 585 515 sinunt:
624 479 724 515 rivos
754 478 942 516 deducere
970 478 1072 514 nulla

177 538 308 586 religio
339 538 464 582 vetuit,
496 537 615 586 segeti
646 537 895 586 praetendere
924 549 1091 585 saepem,

178 597 332 634 insidias
361 597 492 633 avibus
521 596 655 642 moliri,
685 597 891 634 incendere
920 608 1064 645 vepres,

177 655 451 704 balantumque
481 667 639 704 gregem
668 655 783 693 fluvio
813 667 979 693 mersare
1008 653 1162 691 salubri.

180 714 303 764 Saepe
332 715 418 752 oleo
447 715 545 751 tardi
574 722 701 752 costas
731 715 893 763 agitator
921 714 1024 751 aselli

177 774 310 811 vilibus
340 781 403 811 aut
433 781 566 811 onerat
594 775 732 823 pomis,
762 774 1005 822 lapidemque
1033 777 1224 809 revertens

177 833 353 870 incusum
381 839 446 870 aut
474 840 576 870 atrae
605 845 772 870 massam
799 833 893 882 picis
922 833 1015 869 urbe
1044 837 1220 880 reportat.

232 893 322 942 Ipsa
351 892 431 930 dies
461 892 555 930 alios
585 892 659 930 alio
688 893 791 930 dedit
820 892 953 929 ordine
981 891 1092 928 Luna

180 952 304 989 felices
334 963 506 1001 operum.
566 950 753 997 Quintam
782 951 895 999 fuge:
936 950 1098 1000 pallidus
1129 950 1253 988 Orcus

177 1011 489 1059 Eumenidesque
519 1017 622 1047 satae
638 1024 648 1057 ;
688 1017 768 1047 tum
798 1017 907 1059 partu
936 1010 1058 1046 Terra
1087 1008 1255 1045 nefando

178 1070 404 1118 Coeumque
434 1070 685 1119 Iapetumque
715 1076 1078 1117 creatsaevurnque
1109 1067 1298 1117 Typhoea

178 1137 214 1167 et
243 1130 461 1167 coniuratos
491 1129 638 1166 caelum
668 1128 882 1166 rescindere
911 1128 1054 1165 fratres.

178 1190 257 1227 Ter
286 1197 371 1227 sunt
400 1189 525 1227 conati
553 1190 752 1237 imponere
782 1188 885 1225 Pelio
916 1187 1057 1226 Ossam

178 1249 328 1294 scilicet,
359 1256 471 1298 atque
502 1248 625 1286 Ossae
655 1248 882 1285 frondosum
913 1247 1101 1284 involvere
1132 1246 1366 1296 Olympum;

178 1315 233 1346 ter
262 1315 368 1357 pater
397 1315 609 1346 exstructos
639 1307 783 1344 disiecit
812 1306 969 1343 fulmine
998 1312 1161 1343 montes.

179 1368 348 1416 Septima
375 1374 463 1416 post
493 1367 683 1404 decimam
713 1366 801 1403 felix
831 1373 866 1402 et
896 1377 1041 1414 ponere
1071 1365 1185 1401 vitem

178 1434 214 1464 et
243 1439 404 1475 prensos
435 1427 619 1464 domitare
648 1427 767 1463 boves
796 1431 833 1463 et
862 1425 947 1462 licia
976 1424 1072 1461 telae

177 1485 329 1523 addere.
387 1484 503 1522 Nona
533 1484 644 1533 fugae
673 1485 818 1529 melior,
849 1484 1037 1521 contraria
1066 1482 1181 1519 furtis.

232 1544 355 1581 Multa
383 1544 481 1580 adeo
511 1543 637 1592 gelida
666 1544 800 1580 melius
830 1554 870 1580 se
901 1548 1013 1579 nocte
1044 1541 1193 1585 dedere,

178 1610 242 1641 aut
271 1615 360 1641 cum
389 1602 469 1639 sole
499 1614 599 1639 novo
628 1607 745 1639 terras
775 1602 906 1638 irrorat
934 1600 1050 1637 Eous.

178 1663 303 1700 Nocte
332 1662 433 1698 leves
462 1661 596 1698 melius
627 1661 799 1709 stipulae,
830 1667 943 1697 nocte
973 1659 1076 1696 arida
1106 1664 1215 1708 prata.

178 1722 392 1766 tondentur,
423 1729 556 1758 noctes
584 1721 708 1757 lentus
737 1732 817 1756 non
847 1719 972 1756 deficit
1000 1730 1122 1755 umor.

178 1784 229 1822 Et
257 1783 412 1833 quidam
443 1794 547 1820 seros
576 1782 723 1818 hiberni
752 1781 801 1818 ad
829 1780 982 1817 luminis
1011 1780 1121 1828 ignes

177 1843 386 1893 pervigilat,
417 1842 591 1890 ferroque
621 1840 724 1878 faces
754 1840 916 1889 inspicat
945 1846 1083 1886 acut03

177 1904 319 1939 interea
347 1901 507 1950 longum
537 1906 651 1937 cantu
679 1899 800 1937 solata
827 1899 999 1936 laborem

177 1969 311 2010 arguto
341 1962 509 1998 coniunx
538 1960 720 2009 percurrit
749 1959 900 2008 pectine
931 1958 1035 2004 telas,

177 2028 240 2059 aut
269 2020 387 2057 dulcis
417 2020 530 2056 musti
560 2018 735 2055 Vulcano
766 2017 945 2066 decoquit
973 2028 1150 2054 umorem

177 2088 214 2118 et
242 2080 340 2117 foliis
369 2079 513 2116 undam
542 2078 678 2127 trepidi
708 2078 909 2127 despumat
938 2076 1059 2113 aheni.

176 2140 227 2177 At
256 2138 466 2176 rubicunda
496 2137 613 2174 Ceres
642 2136 771 2173 medio
800 2135 1004 2173 succiditur
1032 2140 1150 2178 aestu,

176 2206 213 2236 et
241 2198 369 2235 medio
399 2204 519 2234 tostas
548 2205 655 2234 aestu
684 2196 767 2233 terit
797 2207 884 2231 area
913 2193 1052 2242 fruges.

176 2257 314 2295 Nudus
343 2269 417 2302 ara,
450 2268 531 2293 sere
561 2255 712 2301 nudus3
748 2254 899 2302 hiemps
928 2253 1066 2301 ignava
1095 2250 1248 2288 colono.

177 2316 396 2365 Frigoribus
426 2322 535 2365 parto
565 2314 753 2363 agricolae
783 2313 1006 2362 plerumque
1037 2310 1219 2350 fruuntur.

177 2382 383 2424 mutuaque
413 2374 509 2410 inter
538 2385 578 2410 se
607 2373 693 2410 laeti
723 2372 895 2409 convivia
924 2376 1066 2407 curant.

178 2435 315 2472 Invitat
344 2433 501 2482 genialis
531 2432 679 2481 hiemps
710 2442 895 2480 curasque
925 2428 1086 2474 resolvit,

1505 244 1570 286 265

1507 1131 1569 1162 280

1509 1427 1566 1466 285

1506 1733 1571 1765 290

1504 2323 1567 2354 300
