1669 2737
177 58 194 85 1
207 57 254 86 12
756 51 982 88 AENEIS.

171 160 355 198 Excutior
385 173 535 207 somno,
566 168 603 199 et
631 162 772 200 summi
805 162 954 211 fastigia
982 164 1070 202 tecti

171 232 334 257 ascensu
364 233 503 270 supero
533 228 646 270 atque
676 222 827 260 arrectis
856 223 1008 260 auribus
1038 229 1144 261 asto:

171 281 210 317 in
239 287 409 329 segetem
438 281 549 317 veluti
579 293 666 318 cum
696 282 852 319 flamma
881 282 1091 320 furentibus
1119 281 1269 320 Austris

170 339 312 384 incidit,
343 346 407 376 aut
435 339 588 388 rapidus
617 347 805 378 montano
835 341 991 378 flumine
1021 348 1168 379 torrens
1495 355 1558 387 305

171 399 302 436 sternit
330 411 454 447 agros,
486 399 616 436 sternit
647 406 728 437 sata
756 400 855 438 laeta
884 401 1080 450 boumque
1110 401 1260 437 labores

170 458 472 507 praecipitesque
500 457 612 495 trahit
641 458 752 497 silvas
766 472 776 506 3
817 465 942 509 stupet
971 460 1113 498 inscius
1143 459 1219 496 alto

170 517 360 566 accipiens
390 517 556 554 sonitum
585 518 665 554 saxi
696 518 742 556 de
772 520 910 557 vertice
939 527 1079 570 pastor.

170 576 275 613 Tum
303 588 393 613 vero
422 576 623 614 manifesta
652 577 757 623 fides,
787 578 1043 629 Danaumque
1073 583 1274 628 patescunt

168 637 336 674 insidiae.
394 636 478 673 Iam
507 636 702 686 Deiphobi
731 638 833 675 dedit
862 639 989 687 ampla
1017 639 1165 676 ruinam
1495 650 1557 682 310

168 696 344 734 Vulcano
375 705 578 745 superante
608 697 759 743 domus,
790 698 866 735 iam
894 699 1092 747 proximus
1120 697 1226 735 ardet

167 755 380 805 Ucalegon,
413 757 525 805 Sigea
554 756 632 805 igni
662 756 757 794 freta
787 757 861 794 lata
890 758 1069 795 relucent.

167 814 345 853 Exoritur
373 816 593 865 clamorque
622 815 743 853 virum
773 817 1006 867 clangorque
1036 817 1222 854 tubarum.

166 875 286 912 Arma
315 887 447 912 amens
477 875 589 924 capio
606 888 616 921 3
655 888 727 913 nec
758 883 816 913 sat
844 877 1001 914 rationis
1031 877 1069 913 in
1099 876 1225 921 armis,

165 935 234 972 sed
263 934 474 984 glomerare
503 946 662 971 manum
692 935 792 973 bello
822 942 858 973 et
887 948 1114 973 concurrere
1143 936 1182 972 in
1210 947 1336 973 arcem
1492 949 1552 979 315

166 1006 254 1031 cum
284 994 396 1031 sociis
426 994 559 1031 ardent
588 995 728 1039 animi;
768 995 872 1033 furor
900 996 1031 1045 iraque
1061 1002 1230 1032 mentem

158 1053 424 1102 praecipitant,
455 1053 735 1103 pulchrumque
764 1056 861 1092 mori
890 1055 1071 1092 succurrit
1100 1054 1139 1091 in
1168 1054 1292 1090 armis.

219 1113 343 1150 ‘Ecce
373 1120 501 1150 autem
531 1113 613 1150 telis
643 1114 813 1152 Panthus
843 1115 994 1164 elapsus
1026 1114 1229 1159 Achivum,

164 1172 332 1210 Panthus
363 1171 589 1221 Othryades,
621 1174 716 1211 arcis
746 1174 969 1223 Phoebique
999 1174 1189 1217 sacerdos,

163 1244 270 1269 sacra
298 1244 416 1268 manu
445 1232 641 1281 victosque
672 1233 766 1271 deos
795 1245 1032 1283 parvumque
1061 1239 1243 1281 nepotem
1489 1245 1551 1276 320

162 1292 243 1340 ipse
273 1291 393 1337 trahit,
425 1303 613 1340 cursuque
643 1304 777 1330 amens
806 1293 855 1329 ad
883 1292 1014 1329 limina
1042 1292 1172 1329 tendit.

163 1350 288 1396 “Quo
317 1362 377 1387 res
406 1362 558 1388 summa
587 1351 686 1397 loco,
717 1352 894 1389 Panthu?
934 1364 1050 1401 quarn
1079 1351 1303 1400 prendimus
1332 1347 1515 1387 arcem?’'

161 1410 237 1447 Vix
266 1423 312 1447 ea
340 1410 438 1447 fatus
468 1423 583 1455 eram,
613 1412 758 1460 gemitu
789 1423 876 1448 cum
906 1411 993 1448 talia
1021 1410 1163 1448 reddit:

162 1469 313 1506 “Venit
341 1481 493 1506 summa
522 1470 602 1508 dies
633 1477 670 1507 et
697 1470 938 1508 ineluctabile
968 1477 1120 1519 tempus

160 1529 387 1567 Dardaniae.
446 1529 605 1567 Fuimus
634 1530 771 1576 Troes,
802 1531 870 1567 fuit
899 1531 1012 1567 Ilium
1042 1536 1079 1567 et
1107 1530 1243 1579 ingens
1483 1541 1545 1573 3²5

158 1589 279 1638 gloria
307 1588 569 1634 Teucrorum;
610 1588 710 1627 ferus
740 1590 872 1626 omnia
900 1589 1070 1638 Iuppiter
1098 1589 1227 1637 Argos

159 1647 367 1694 transtulit;
406 1648 564 1685 incensa
592 1648 717 1686 Danai
748 1649 993 1686 dominantur
1021 1649 1060 1685 in
1089 1648 1191 1684 urbe.

160 1708 312 1745 Arduus
341 1713 508 1744 armatos
537 1708 672 1746 mediis
701 1710 740 1745 in
769 1708 972 1745 moenibus
1001 1713 1130 1744 astans

158 1767 280 1804 fundit
309 1778 441 1815 equus,
472 1767 666 1816 victorque
697 1767 817 1805 Sinon
846 1766 1024 1804 incendia
1052 1766 1187 1803 miscet

156 1827 352 1864 insultans
409 1826 532 1864 Portis
562 1827 622 1864 alii
650 1827 910 1876 bipatentibus
939 1825 1089 1870 adsunt,
1482 1837 1546 1868 330

155 1886 272 1922 millia
300 1891 394 1935 quot
423 1886 574 1935 magnis
603 1897 787 1934 umquam
816 1897 954 1922 venere
982 1883 1182 1933 Mycenis;

156 1945 339 1983 obsedere
368 1945 428 1982 alii
458 1946 540 1982 telis
570 1952 732 1993 angusta
760 1945 905 1981 viarum

155 2005 343 2054 oppositi;
383 2011 457 2042 stat
486 2004 571 2042 ferri
601 2005 702 2042 acies
732 2015 917 2041 mucrone
946 2014 1109 2040 corusco

154 2065 291 2110 stricta,
320 2070 451 2114 parata
480 2065 565 2101 neci
581 2077 591 2110 ;
633 2064 695 2101 vix
724 2063 837 2112 primi
867 2062 1013 2111 proelia
1042 2067 1231 2110 temptant

153 2130 349 2173 portarum
378 2123 508 2172 vigiles
537 2129 575 2160 et
603 2134 722 2160 caeco
752 2121 877 2159 Marte
906 2120 1121 2158 resistunt.’'
1479 2131 1538 2163 335

152 2184 313 2222 Talibus
342 2183 560 2232 Othryadae
591 2182 701 2220 dictis
730 2188 767 2219 et
796 2181 953 2218 numine
982 2180 1110 2217 divum

152 2245 192 2282 in
220 2244 394 2281 flammas
422 2250 460 2281 et
487 2244 526 2280 in
555 2254 659 2280 arma
688 2242 798 2285 feror,
832 2252 910 2290 quo
939 2240 1052 2278 tristis
1080 2240 1227 2289 Erinys,

153 2316 231 2354 quo
260 2304 429 2341 fremitus
458 2308 569 2340 vocat
598 2308 635 2339 et
663 2301 834 2339 sublatus
864 2300 913 2337 ad
941 2299 1096 2337 aethera
1124 2300 1277 2337 clamor.

152 2364 312 2401 Addunt
340 2375 379 2400 se
408 2363 535 2399 socios
566 2361 738 2410 Rhipeus
768 2366 806 2397 et
835 2360 1025 2397 maximus
1054 2359 1168 2396 armis

152 2424 299 2473 Epytus
327 2421 443 2460 oblati
471 2433 539 2471 per
567 2420 699 2458 lunam
728 2419 983 2469 Hypanisque
1012 2418 1249 2467 Dymasque,
1474 2427 1536 2459 340
