1669 2737
611 101 778 136 LIBER
806 101 842 137 I.
875 95 1086 149 610-687.

155 216 192 248 et
219 209 510 250 circumtextum
540 223 678 250 croceo
707 212 881 249 velamen
910 212 1089 258 acantho,

155 278 310 307 ornatus
337 271 500 320 Argivae
530 271 718 317 Helenae,
749 283 848 321 quos
877 271 939 308 illa
967 271 1156 320 Mycenis,

155 327 342 378 Pergama
369 342 458 367 cum
487 337 631 379 peteret
658 331 983 380 inconcessosque
1012 331 1261 379 hymenaeos,

154 388 348 434 extulerat,
377 391 509 427 matris
538 390 668 428 Ledae
696 390 868 427 mirabile
899 390 1045 427 donum
1058 402 1068 436 ;

153 456 349 497 praeterea
377 457 580 499 sceptrum,
610 451 731 488 Ilione
762 450 869 500 quod
897 456 1069 499 gesserat
1097 449 1200 495 olim,

153 508 323 546 maxima
351 515 526 546 natarum
555 509 705 555 Priami,
736 510 914 558 colloque
941 509 1086 546 monile

153 567 333 605 bacatum
361 575 399 606 et
427 569 618 618 duplicem
647 570 811 618 gemmis
840 562 1010 618 auroque
1040 580 1237 606 coronam.

155 624 267 664 Haec
296 627 464 665 celerans
492 629 561 666 iter
589 628 638 665 ad
666 641 783 666 naves
812 628 994 666 tendebat
1023 627 1203 665 Achates.

207 686 259 723 At
287 685 478 736 Cytherea
505 700 624 725 novas
653 695 762 734 artes,
792 699 893 724 nova
920 692 1078 736 pectore
1107 692 1231 724 versat

155 745 324 791 consilia,
352 753 393 783 ut
420 746 559 784 faciem
587 754 756 785 mutatus
786 754 823 784 et
852 759 919 784 ora
949 746 1102 795 Cupido

153 816 225 854 pro
255 805 355 843 dulci
383 806 552 844 Ascanio
580 807 719 852 veniat,
752 807 941 855 donisque
971 806 1158 843 furentem

154 864 333 902 incendat
361 865 536 914 reginam
565 873 678 915 atque
708 866 859 903 ossibus
888 865 1057 914 implicet
1085 865 1227 913 ignem.

155 923 310 974 Quippe
340 925 500 963 domum
528 926 635 964 timet
663 927 884 975 ambiguam
914 925 1130 975 Tyriosque
1160 926 1372 975 bilingues;

154 983 228 1021 urit
255 991 364 1021 atrox
392 984 505 1031 Iuno,
535 993 573 1023 et
601 986 671 1023 sub
700 993 856 1023 noctem
885 997 974 1023 cura
1002 991 1179 1022 recursat.

154 1041 260 1092 Ergo
288 1043 346 1081 his
373 1044 559 1093 aligerum
587 1045 696 1083 dictis
725 1045 861 1082 affatur
888 1046 1098 1081 Amorem:

157 1101 288 1148 ‘Nate,
318 1115 427 1141 meae
455 1104 562 1150 vires,
592 1116 679 1142 mea
707 1117 850 1154 magna
877 1104 1049 1153 potentia
1079 1103 1192 1150 solus,

155 1167 254 1207 nate,
284 1161 404 1200 Patris
433 1164 572 1200 summi
603 1164 667 1212 qui
696 1164 770 1201 tela
800 1163 981 1213 Typhoia
1009 1164 1159 1205 temnis,

155 1220 204 1257 ad
232 1227 269 1258 te
299 1221 480 1271 confugio
509 1229 545 1259 et
574 1223 736 1271 supplex
766 1231 830 1260 tua
858 1222 1017 1258 numina
1044 1233 1178 1269 posco.

155 1278 284 1317 Frater
312 1287 354 1317 ut
381 1281 534 1318 Aeneas
562 1282 700 1330 pelago
731 1289 816 1319 tuus
847 1282 978 1318 omnia
1007 1281 1149 1318 circum

155 1339 265 1376 litora
293 1339 449 1377 iactetur
477 1341 574 1378 odiis
604 1341 764 1379 Iunonis
793 1342 963 1386 acerbae,

155 1405 246 1435 nota
273 1399 351 1444 tibi,
381 1406 419 1436 et
447 1406 577 1437 nostro
608 1400 759 1437 doluisti
789 1413 903 1449 saepe
933 1400 1077 1438 dolore.

156 1456 270 1495 Nunc
299 1457 510 1496 Phoenissa
538 1466 640 1497 tenet
668 1459 771 1497 Dido
800 1459 1027 1509 blandisque
1057 1466 1225 1496 moratur

154 1517 336 1564 vocibus;
377 1525 413 1554 et
440 1530 584 1563 vereor,
615 1531 692 1568 quo
723 1531 763 1555 se
794 1518 960 1556 Iunonia
989 1526 1135 1555 vertant

154 1576 343 1626 hospitia,
383 1578 485 1615 haud
513 1585 620 1615 tanto
651 1579 814 1616 cessabit
845 1578 1000 1616 cardine
1029 1590 1164 1615 rerum.

155 1635 349 1681 Quocirca
377 1649 513 1685 capere
542 1644 631 1676 ante
661 1637 757 1675 dolis
785 1644 822 1675 et
852 1638 1002 1687 cingere
1031 1637 1191 1674 flamma

153 1695 328 1744 reginam
356 1696 531 1742 meditor,
562 1709 611 1735 ne
640 1709 719 1747 quo
749 1709 789 1734 se
818 1698 975 1734 numine
1005 1703 1136 1742 mutet,

154 1754 223 1792 sed
250 1766 394 1804 magno
422 1756 579 1793 Aeneae
607 1768 760 1793 mecum
790 1763 961 1794 teneatur
989 1768 1132 1793 amore.

155 1813 245 1860 Qua
272 1814 395 1852 facere
424 1814 464 1851 id
492 1815 629 1863 possis,
659 1823 831 1852 nostram
860 1828 964 1852 nunc
993 1816 1124 1864 accipe
1154 1822 1335 1853 mentem.

155 1872 302 1922 Regius
331 1874 455 1911 accitu
483 1874 559 1911 cari
588 1874 769 1923 genitoris
798 1874 848 1911 ad
877 1875 1010 1912 urbem

156 1933 355 1971 Sidoniam
383 1946 478 1984 puer
505 1935 558 1971 ire
585 1941 704 1984 parat,
734 1946 823 1972 mea
851 1935 1020 1972 maxima
1049 1947 1150 1980 cura,

156 1993 260 2031 dona
289 1994 414 2033 ferens
442 1994 581 2044 pelago
611 2002 648 2032 et
676 1995 841 2032 flammis
869 1995 1052 2032 restantia
1082 1994 1248 2041 Troiae;

154 2053 257 2091 hunc
287 2066 362 2104 ego
393 2055 561 2104 sopitum
590 2067 730 2093 somno
761 2067 874 2104 super
903 2055 978 2091 alta
1009 2054 1176 2103 Cythera

155 2121 219 2150 aut
247 2126 361 2163 super
390 2114 554 2151 Idalium
583 2122 729 2152 sacrata
757 2115 848 2152 sede
877 2113 1101 2158 recondam,

155 2184 205 2209 ne
232 2185 309 2221 qua
337 2173 431 2210 scire
462 2173 573 2211 dolos
601 2174 797 2211 mediusve
827 2185 1023 2210 occurrere
1053 2172 1186 2221 possit.

156 2231 221 2269 Tu
248 2232 385 2269 faciem
413 2232 510 2269 illius
537 2241 694 2270 noctem
723 2245 803 2270 non
832 2232 994 2280 amplius
1024 2243 1143 2269 unam

156 2290 241 2328 falle
270 2292 360 2329 dolo
389 2298 426 2329 et
454 2299 568 2330 notos
595 2292 703 2341 pueri
731 2304 824 2341 puer
852 2291 966 2328 indue
995 2290 1128 2335 vultus,

156 2356 210 2395 ut,
239 2362 327 2387 cum
355 2356 392 2387 te
420 2351 566 2399 gremio
595 2351 757 2399 accipiet
785 2350 989 2387 laetissima
1018 2349 1122 2386 Dido

156 2408 302 2457 regales
329 2409 424 2446 inter
451 2421 607 2447 mensas
635 2409 862 2457 laticemque
892 2408 1077 2457 Lyaeum,

157 2480 247 2507 cum
275 2468 379 2507 dabit
406 2468 606 2519 amplexus
634 2475 747 2520 atque
776 2468 906 2506 oscula
936 2467 1060 2506 dulcia
1089 2467 1192 2517 figet,

1466 109 1541 137 101

1484 275 1548 316 650

1483 869 1547 901 660

1486 1170 1546 1210 665

1484 1465 1547 1506 670

1486 2061 1550 2092 680

1486 2354 1546 2394 685
