1669 2737
135 96 150 123 ι
161 81 183 123 8
686 92 723 126 B
730 92 971 130 UCOLICA.

185 198 316 247 Incipe
346 199 562 237 Maenalios
591 212 754 246 mecum,
784 213 871 238 mea
899 201 1001 247 tibia,
1032 214 1171 240 versus.

132 258 317 306 Saepibus
345 259 383 294 in
412 259 549 295 nostris
578 272 734 308 parvam
763 266 799 297 te
828 261 980 298 roscida
1008 262 1108 298 mala

132 317 225 366 (dux
254 330 328 366 ego
358 326 479 355 vester
506 318 627 368 eram)
657 319 731 356 vidi
760 331 848 356 cum
877 326 995 357 matre
1024 320 1227 369 legentem.

131 376 235 412 Alter
264 377 312 413 ab
341 377 546 414 undecimo
575 385 656 414 tum
681 390 743 416 me
771 378 848 415 iam
878 386 1077 428 acceperat
1105 391 1253 425 annus;

130 436 205 471 iam
235 435 385 484 fragiles
414 443 587 484 poteram
616 438 665 473 ab
694 444 792 474 terra
821 439 1045 486 contingere
1074 449 1212 475 ramos.

131 494 183 531 Ut
212 495 296 539 vidi,
327 503 365 531 ut
394 495 496 544 perii,
527 502 567 532 ut
596 508 658 533 me
687 497 810 534 malus
839 497 989 535 abstulit
1018 500 1142 535 error!
1167 507 1172 510 '

183 553 315 603 Incipe
346 554 561 592 Maenalios
589 568 753 601 mecum,
783 568 870 593 mea
899 557 1000 603 tibia,
1030 570 1171 594 versus.

132 612 246 650 Nunc
276 614 356 650 scio
386 614 476 663 quid
506 615 552 651 sit
579 615 711 652 Amor.
769 614 883 652 Duris
913 616 951 652 in
981 617 1128 653 cotibus
1157 616 1261 653 illum

132 679 195 709 aut
224 672 390 710 Tmaros
419 680 483 710 aut
512 673 703 722 Rhodope
732 681 796 711 aut
825 675 981 711 extremi
1012 674 1265 712 Garamantes

132 743 203 767 nec
231 732 380 780 generis
410 733 528 769 nostri
557 745 716 781 puerum
746 745 817 770 nec
842 735 1036 782 sanguinis
1067 734 1196 771 edunt.

184 790 315 839 Incipe
345 790 558 829 Maenalios
588 805 750 838 mecum,
781 804 867 829 mea
895 793 997 837 tibia,
1028 805 1166 831 versus.

135 848 277 886 Saevus
304 850 426 886 Amor
454 850 584 888 docuit
611 858 788 888 natorum
818 853 1003 900 sanguine
1031 859 1193 889 matrem

133 910 412 947 commaculare
442 923 601 957 manus;
642 911 804 948 crudelis
833 919 873 948 tu
902 923 1068 960 quoque,
1099 920 1245 949 mater:

133 968 293 1005 crudelis
322 975 442 1006 mater
472 970 605 1019 magis,
635 983 685 1006 an
714 982 807 1019 puer
835 971 1031 1019 improbus
1061 971 1148 1007 ille?

132 1028 328 1075 improbus
352 1028 410 1064 ille
440 1041 555 1077 puer;
596 1029 755 1066 crudelis
785 1036 824 1066 tu
855 1041 1017 1078 quoque,
1047 1036 1178 1068 mater.

186 1086 319 1135 Incipe
349 1086 563 1125 Maenalios
591 1100 754 1133 mecum,
784 1100 871 1125 mea
899 1089 1000 1134 tibia,
1030 1101 1168 1126 versus.

133 1145 247 1182 Nunc
278 1153 314 1182 et
342 1158 431 1183 oves
460 1147 559 1184 ultro
588 1147 708 1196 fugiat
737 1147 859 1196 lupus,
889 1159 1002 1184 aurea
1032 1148 1147 1184 durae

132 1204 233 1242 mala
262 1204 382 1242 ferant
411 1218 584 1254 quercus,
615 1206 784 1243 narcisso
813 1206 947 1243 floreat
976 1206 1096 1253 alnus,

132 1265 290 1312 pinguia
319 1265 523 1302 corticibus
554 1265 690 1302 sudent
719 1265 856 1302 electra
886 1266 1061 1314 myricae,

133 1331 275 1360 certent
305 1331 340 1361 et
371 1325 500 1373 cycnis
528 1325 666 1370 ululae,
698 1325 743 1361 sit
772 1324 927 1373 Tityrus
957 1323 1146 1374 Orpheus,

134 1381 312 1430 Orpheus
340 1383 379 1419 in
409 1383 518 1429 silvis,
549 1384 646 1420 inter
677 1383 876 1432 delphinas
905 1383 1035 1421 Arion.

186 1441 319 1490 Incipe
349 1441 562 1479 Maenalios
592 1455 756 1488 mecum,
787 1455 874 1479 mea
905 1443 1005 1488 tibia,
1035 1455 1174 1480 versus.

134 1500 276 1538 Omnia
305 1501 362 1538 vel
390 1501 558 1538 medium
588 1502 652 1538 fiat
679 1514 793 1539 mare.
852 1501 986 1547 Vivite,
1017 1502 1152 1540 silvae:

133 1572 315 1608 praeceps
344 1561 431 1596 ae'rii
461 1561 613 1609 specula
642 1561 689 1598 de
719 1561 859 1598 montis
889 1562 927 1597 in
956 1561 1079 1598 undas

134 1619 299 1664 deferar3
339 1626 551 1656 extremum
581 1620 655 1656 hoc
685 1632 825 1657 munus
853 1620 1049 1656 morientis
1077 1620 1228 1658 habeto.

187 1678 330 1714 Desine
360 1677 585 1723 Maenalios,
615 1679 691 1715 iam
721 1679 865 1723 desine,
895 1679 996 1723 tibia,
1026 1679 1180 1715 versus.’

188 1737 297 1774 Haec
327 1737 506 1774 Damon:
547 1750 626 1782 vos,
657 1750 755 1787 quae
783 1738 1021 1786 responderit
1051 1737 1344 1786 Alphesiboeus,

135 1797 257 1842 dicite,
287 1795 476 1842 Pierides;
517 1808 596 1833 non
625 1797 755 1833 omnia
783 1808 989 1845 possumus
1018 1808 1163 1832 omnes.

188 1855 236 1891 A.
269 1855 394 1892 ‘Effer
423 1867 574 1903 aquarn,
604 1862 641 1893 et
669 1856 775 1892 molli
804 1856 915 1903 cinge
945 1855 1039 1892 haec
1068 1855 1197 1891 altaria
1227 1854 1328 1900 vitta,

134 1915 393 1963 verbenasque
422 1915 533 1951 adole
562 1915 723 1963 pingues
752 1922 789 1952 et
817 1914 988 1951 mascula
1017 1921 1110 1960 tura,

136 1974 309 2022 coniugis
338 1981 377 2010 ut
406 1974 565 2022 magicis
595 1986 710 2011 sanos
739 1981 902 2011 avertere
933 1973 1048 2010 sacris

135 2034 308 2082 experiar
337 2045 491 2079 sensus;
532 2033 624 2070 nihil
653 2033 715 2070 hic
744 2033 816 2070 nisi
845 2034 1014 2070 carmina
1043 2033 1190 2070 desunt.

188 2092 325 2129 Ducite
356 2093 404 2128 ab
433 2094 525 2129 urbe
555 2093 725 2139 domum,
756 2105 842 2130 mea
872 2092 1050 2137 carmina,
1083 2092 1208 2129 ducite
1238 2090 1448 2139 Daphnim.

137 2153 317 2191 Carmina
345 2152 403 2189 vel
432 2152 538 2189 caelo
568 2159 729 2201 possunt
758 2152 947 2189 deducere
977 2151 1152 2198 Lunam3

137 2213 366 2251 carminibus
396 2211 506 2249 Circe
537 2213 663 2249 socios
693 2212 849 2249 mutavit
877 2210 1005 2257 Ulixi;

137 2272 292 2320 frigidus
321 2272 359 2307 in
388 2272 502 2319 pratis
533 2270 725 2308 cantando
754 2271 938 2319 rumpitur
966 2271 1114 2319 anguis.

190 2330 328 2367 Ducite
357 2331 406 2366 ab
435 2330 527 2366 urbe
556 2330 726 2375 domum,
756 2342 843 2366 mea
871 2329 1049 2374 carmina,
1079 2329 1203 2366 ducite
1232 2327 1441 2378 Daphnim.

139 2390 268 2427 Terna
298 2390 362 2426 tibi
393 2389 487 2426 haec
515 2390 679 2437 primum
709 2388 842 2437 triplici
870 2388 1014 2425 diversa
1043 2388 1170 2426 colore

139 2450 224 2488 licia
253 2448 459 2495 circumdo,
491 2455 621 2497 terque
652 2447 746 2486 haec
776 2448 907 2486 altaria
936 2448 1079 2485 circum

1476 453 1519 482 40

1478 1024 1520 1074 50

1479 1339 1519 1370 55

1479 1625 1522 1656 60
