1669 2737
146 65 227 108 280
721 73 946 113 AENEIS.

144 181 389 220 Dardanidae
417 194 439 220 e
466 182 594 230 muris,
623 193 712 232 spes
741 182 869 220 addita
897 181 1052 220 suscitat
1080 181 1165 227 iras,

144 240 218 278 tela
245 253 363 278 manu
391 241 558 279 iaciunt:
597 242 729 291 quales
758 243 829 280 sub
857 242 1020 279 nubibus
1050 233 1138 279 atris

146 299 384 348 Strymoniae
413 300 505 338 dant
534 301 643 350 signa
670 313 783 351 grues
812 308 925 351 atque
954 301 1107 339 aethera
1135 306 1286 338 tranant

145 370 233 395 cum
261 360 387 396 sonitu
415 358 639 408 fugiuntque
668 366 783 398 notos
811 360 977 398 clamore
1006 359 1188 397 secundo.

144 419 195 454 At
223 417 367 456 Rutulo
395 419 475 467 regi
503 418 741 468 ducibusque
770 431 816 456 ea
845 420 940 457 mira
967 419 1083 457 videri

144 476 337 521 Ausoniis,
368 477 493 514 donec
521 489 648 515 versas
678 478 727 515 ad
755 478 865 515 litora
892 490 1042 527 puppes

143 536 350 584 respiciunt
377 543 576 585 totumque
605 536 716 574 allabi
745 537 928 575 classibus
957 549 1111 586 aequor.

144 596 263 633 Ardet
291 608 389 645 apex
417 596 531 644 capiti
560 596 755 645 cristisque
784 609 807 633 a
834 597 971 634 vertice
1000 597 1155 634 flamma

144 654 311 692 funditur
339 661 376 691 et
404 662 532 691 vastos
561 654 680 691 umbo
710 655 829 692 vomit
857 667 992 693 aureus
1020 656 1151 704 ignes:

143 725 224 750 non
253 725 364 751 secus
393 726 437 751 ae
465 712 607 761 liquida
637 713 667 750 si
697 713 853 763 quando
882 721 994 752 nocte
1024 720 1197 752 cornetae

145 773 343 822 sanguinei
372 772 530 821 lugubre
559 772 695 809 rubent
725 778 789 809 aut
818 773 936 810 Sirius
965 773 1088 819 ardor,

144 832 204 869 ille
232 833 332 869 sitim
360 832 594 881 morbosque
623 830 749 869 ferens
778 832 999 869 mortalibus
1028 832 1163 881 aegris,

143 892 309 929 nascitur
337 897 375 927 et
402 890 510 928 laevo
540 890 736 927 contristat
765 889 908 928 lumine
936 890 1094 928 caelum.

195 950 313 987 Haud
342 956 471 987 tamen
499 949 634 987 audaci
661 948 796 986 Turno
824 949 962 988 fiducia
990 950 1101 988 cessit

142 1010 250 1047 litora
278 1010 497 1058 praecipere
526 1015 563 1046 et
591 1008 784 1046 venientes
814 1009 952 1058 pellere
981 1016 1087 1047 terra.

145 1067 269 1120 [Ultro
300 1069 449 1105 animos
478 1068 572 1105 tollit
601 1068 711 1105 dictis
741 1074 853 1118 atque
882 1070 1051 1118 increpat
1079 1069 1177 1107 ultro
1191 1065 1218 1121 z]

144 1132 152 1147 ‘
170 1127 289 1174 Quod
316 1128 411 1164 votis
442 1128 609 1175 optastis,
640 1127 759 1172 adest,
788 1126 1018 1176 perfringere
1048 1128 1202 1165 dextra:

142 1187 181 1224 in
210 1187 386 1223 manibus
416 1185 521 1223 Mars
550 1187 643 1235 ipse,
673 1187 750 1223 viri.
809 1185 925 1224 Nunc
954 1187 1128 1236 coniugis
1157 1192 1240 1224 esto

143 1246 303 1295 quisque
333 1257 423 1282 suae
452 1246 616 1294 tectiq'ue
645 1257 804 1292 memor,
834 1257 937 1283 nunc
965 1258 1107 1294 magna
1135 1245 1268 1282 referte

141 1306 252 1350 facta,
281 1311 432 1353 patrum
460 1303 603 1342 laudes.
661 1303 772 1341 Ultro
802 1315 1047 1342 occurramus
1077 1304 1125 1341 ad
1153 1303 1308 1348 undam,

143 1365 234 1402 dum
263 1363 409 1412 trepidi,
440 1364 678 1412 egressisque
708 1362 839 1400 labant
867 1362 1024 1412 vestigia
1053 1363 1185 1412 prima.

141 1424 325 1461 audentes
354 1423 521 1460 Fortuna
549 1423 672 1461 iuvat?

142 1483 253 1520 Haec
282 1483 342 1527 ait,
372 1490 409 1519 et
438 1494 570 1520 secum
598 1489 730 1529 versat,
762 1495 859 1532 quos
888 1482 1028 1521 ducere
1058 1490 1192 1521 contra

141 1542 200 1579 vel
228 1542 365 1591 quibus
394 1542 576 1579 obsessos
605 1541 726 1590 possit
755 1542 984 1579 concredere
1013 1553 1155 1580 muros.

196 1602 349 1638 Interea
377 1600 529 1637 Aeneas
558 1601 686 1640 socios
716 1600 762 1637 de
791 1601 984 1650 puppibus
1013 1601 1096 1638 altis

142 1661 324 1711 pontibus
353 1660 520 1708 exponit.
580 1659 690 1696 Multi
721 1671 865 1697 servare
894 1672 1068 1697 recursus

142 1720 359 1769 languentis
388 1719 514 1768 pelagi
543 1725 581 1755 et
609 1718 783 1755 brevibus
813 1731 853 1755 se
882 1719 1033 1756 credere
1063 1719 1170 1764 saltu,

142 1792 210 1828 per
237 1790 364 1815 remos
392 1778 467 1814 alii.
527 1777 751 1825 Speculatus
779 1776 889 1814 litora
918 1777 1112 1823 Tarchon,

143 1851 219 1887 qua
247 1837 344 1874 vada
372 1849 452 1874 non
481 1837 626 1885 spirant
655 1848 727 1873 nec
757 1835 873 1873 fracta
901 1843 1150 1874 remurmurat
1177 1837 1291 1883 unda,

143 1897 211 1935 sed
239 1908 343 1933 mare
373 1896 605 1933 inoffensum
634 1896 817 1933 crescenti
847 1894 1016 1932 allabitur
1044 1902 1162 1941 aestu,

145 1956 302 1993 advertit
330 1956 455 1992 subito
485 1967 638 2005 proram
668 1955 870 2003 sociosque
898 1960 1094 2003 precatur:

146 2015 295 2061 ‘Nunc‚
325 2027 349 2052 o
379 2015 474 2052 lecta
503 2027 649 2060 manus,
680 2014 811 2051 validis
841 2014 1046 2051 incumbite
1074 2015 1211 2062 remis;

144 2074 273 2120 tollite,
304 2073 394 2110 ferte
425 2080 547 2120 rates;
588 2074 784 2111 inimicam
814 2072 944 2110 findite
972 2073 1099 2111 rostris

144 2134 244 2170 hanc
273 2140 422 2179 terram,
454 2133 679 2182 sulcumque
708 2133 779 2170 sibi
808 2138 956 2181 premat
983 2132 1065 2181 ipsa
1093 2133 1231 2172 carina.

145 2193 338 2241 Frangere
368 2205 440 2230 nec
468 2193 530 2230 tali
560 2193 721 2242 puppim
750 2192 914 2230 statione
941 2203 1077 2229 recuso

146 2259 294 2301 arrepta
323 2252 451 2288 tellure
483 2250 623 2288 semeL’
681 2251 792 2298 Quae
821 2250 908 2288 talia
935 2257 1139 2300 postquam

147 2311 282 2348 effatus
312 2310 507 2355 Tarchon,
538 2311 632 2348 socii
661 2322 894 2359 consurgere
922 2310 1042 2348 tonsis

148 2377 445 2419 spumantesque
473 2376 572 2406 rates
602 2370 697 2406 arvis
726 2368 860 2406 inferre
890 2369 1045 2414 Latinis,

149 2429 272 2467 donec
301 2436 421 2467 rostra
451 2435 580 2466 tenent
610 2429 764 2473 siceum,
794 2435 831 2466 et
861 2428 992 2466 sedere
1022 2428 1171 2466 carinae

1461 303 1521 344 265

1464 604 1525 638 270

1463 900 1523 935 ²75

1462 1191 1524 1221 280

1464 1488 1524 1528 285

1466 1793 1527 1825 290

1469 2088 1529 2120 295

1469 2383 1532 2415 300
