1669 2737
107 73 187 125 246
684 79 910 115 AENEIS.

103 189 262 225 laturam
290 187 440 225 auxilio.

106 247 198 284 Heu
226 254 391 296 quantae
420 247 564 284 miseris
594 246 732 285 caedes
762 247 1016 284 Laurentibus
1046 246 1214 283 instant!

106 318 201 355 quas
229 318 376 355 poenas
403 306 506 352 mihi,
538 306 680 351 Turne,
712 307 840 344 dabis!
880 318 995 355 quam
1025 305 1144 342 multa
1173 305 1244 342 sub
1273 303 1395 341 undas

107 373 213 403 scuta
241 366 361 403 virum
389 366 595 414 galeasque
625 373 661 403 et
690 366 800 403 fortia
829 377 991 414 corpora
1020 365 1159 409 volves,

106 424 253 473 Thybri
280 427 406 474 pater!
445 432 608 473 poscant
637 425 738 462 acies
766 432 803 462 et
832 425 986 462 foedera
1014 423 1216 472 rumpant?
1426 436 1489 468 540

159 483 270 521 Haec
298 484 362 520 ubi
391 484 490 521 dicta
519 484 634 530 dedit,
665 484 760 521 solio
790 497 829 521 se
859 484 953 521 tollit
983 485 1030 520 ab
1059 483 1134 520 alto

107 550 143 580 et
170 543 332 592 primum
363 542 564 580 Herculeis
594 543 738 592 sopitas
768 543 919 591 ignibus
950 554 1034 579 aras

106 603 254 648 excitat,
283 602 579 652 hesternumque
608 603 726 640 larem
757 614 972 651 parvosque
1001 608 1161 650 penates

105 661 225 698 laetus
254 662 353 699 adit:
393 669 561 698 mactant
589 662 704 699 lectas
736 662 782 699 de
812 674 918 699 more
948 662 1122 698 bidentes

106 721 305 759 Evandrus
333 723 479 772 pariter,
510 722 648 771 pariter
677 722 849 759 Troiana
877 722 1060 759 iuventus.
1426 732 1487 765 545

106 780 200 818 Post
228 781 316 818 hinc
345 782 394 819 ad
426 793 543 818 naves
572 781 740 830 graditur
769 782 971 829 sociosque
1002 780 1139 817 revisit.

108 839 280 886 Quorum
309 841 356 877 de
385 853 545 878 numero
575 841 640 890 qui
670 852 754 878 sese
782 841 821 877 in
849 839 948 876 bella
977 846 1184 888 sequantur

106 906 339 948 praestantes
368 901 501 937 virtute
532 900 643 948 legit;
683 912 772 948 pars
802 906 928 936 cetera
956 910 1080 947 prona

106 958 221 996 fertur
249 972 348 1008 aqua
377 960 581 1009 segnisque
610 959 780 997 secundo
810 958 940 995 defluit
968 958 1084 1002 amni,

106 1019 238 1056 nuntia
266 1026 423 1056 ventura
451 1019 621 1057 Ascanio
652 1030 852 1066 rerumque
881 1018 1086 1065 patrisque.
1425 1029 1489 1060 550

105 1078 254 1115 Dantur
281 1080 369 1127 equi
398 1078 558 1116 Teucris
587 1078 788 1127 Tyrrhena
817 1077 1031 1126 petentibus
1060 1089 1149 1114 arva
1165 1088 1175 1122 ;

106 1137 249 1175 ducunt
277 1144 466 1174 exsortem
497 1138 663 1181 Aeneae,
694 1147 809 1185 quem
838 1135 940 1172 fulva
968 1135 1088 1172 leonis

105 1197 212 1245 pellis
241 1197 320 1234 obit
349 1204 482 1242 toturn,
512 1196 752 1245 praefulgens
781 1195 972 1243 unguibus
1002 1195 1134 1231 aureis.

158 1256 278 1293 Fama
305 1256 405 1293 volat
433 1268 587 1305 parvam
617 1255 742 1292 subito
771 1254 924 1302 vulgata
951 1266 1018 1302 per
1048 1255 1193 1298 urbem,

105 1316 210 1353 ocius
240 1317 291 1353 ire
321 1316 467 1364 equites
498 1314 685 1364 Tyrrheni
714 1314 762 1350 ad
790 1314 922 1350 limina
950 1313 1061 1361 regis.
1425 1326 1487 1357 555

105 1375 207 1413 Vota
235 1382 339 1412 metu
368 1375 564 1424 duplicant
592 1380 741 1416 matres,
771 1374 1003 1422 propiusque
1032 1371 1172 1421 periclo

104 1435 131 1471 it
160 1436 282 1479 timor,
313 1442 349 1471 et
379 1435 500 1471 maior
530 1433 664 1471 Martis
693 1434 769 1470 iarn
798 1439 954 1482 apparet
983 1433 1123 1480 imago.

105 1494 209 1531 Tum
239 1501 345 1543 pater
375 1493 574 1531 Evandrus
604 1494 774 1530 dextram
804 1492 1029 1542 complexus
1058 1491 1181 1528 euntis

104 1553 243 1599 haeret,
272 1553 484 1602 inexpletus
513 1553 727 1598 lacrimans,
756 1565 801 1590 ac
829 1552 919 1589 talia
947 1551 1068 1588 fatur:

105 1612 164 1650 ‘O
194 1612 285 1649 mihi
314 1612 537 1661 praeteritos
566 1611 702 1649 referat
732 1611 762 1648 si
793 1611 963 1659 Iuppiter
992 1621 1127 1653 annos,
1425 1613 1487 1653 560

105 1672 225 1721 qualis
255 1683 368 1715 eram,
401 1682 488 1708 cum
517 1671 680 1719 primam
709 1670 830 1707 aciem
860 1669 1063 1706 Praeneste
1093 1669 1164 1706 sub
1192 1668 1276 1716 ipsa

105 1732 217 1769 stravi
246 1738 518 1778 scutorumque
546 1729 699 1766 incendi
727 1729 845 1766 victor
874 1740 1029 1765 acervos

105 1798 141 1827 et
171 1801 302 1839 regem
330 1789 402 1826 hac
431 1789 590 1826 Erulum
619 1788 750 1825 dextra
779 1788 851 1824 sub
881 1787 1039 1824 Tartara
1067 1786 1162 1830 misi,

104 1850 276 1888 nascenti
306 1849 366 1886 cui
394 1855 470 1885 tres
499 1849 645 1885 animas
675 1847 838 1884 Feronia
867 1854 987 1883 mater

106 1908 354 1960 (horrendum
383 1907 501 1957 dictu)
532 1907 847 1944 dederat—terna
876 1917 981 1942 arma
1009 1903 1209 1947 movenda,
1425 1908 1486 1949 565

105 1977 160 2006 ter
190 1969 264 2006 leto
289 1967 515 2005 sternendus
545 1973 623 2003 erat
639 1979 650 2012 3
690 1965 750 2002 eui
778 1971 860 2002 turn
889 1972 1018 2002 tamen
1047 1974 1183 2000 omnes

106 2028 257 2065 abstulit
285 2027 379 2064 haec
409 2027 557 2063 animas
587 2025 718 2062 dextra
747 2030 783 2061 et
812 2023 972 2060 totidem
1001 2022 1104 2059 exuit
1133 2021 1246 2057 armis
1262 2034 1328 2057 :--

105 2100 185 2125 non
215 2099 288 2135 ego
318 2098 420 2123 nunc
450 2085 550 2123 dulci
578 2084 757 2133 amplexu
786 2082 978 2120 divellerer
1006 2092 1182 2130 usquam,

105 2153 203 2191 nate,
234 2152 311 2191 tuo,
342 2157 467 2194 neque
498 2144 680 2181 finitimos
710 2142 924 2179 Mezentius
953 2151 1138 2189 umquam

105 2206 193 2243 huic
222 2206 336 2255 capiti
366 2204 550 2241 insultans
580 2210 635 2240 tot
663 2202 761 2240 ferro
790 2213 901 2238 saeva
935 2200 1100 2237 dedisset
1428 2212 1489 2245 570

104 2265 250 2311 funera,
279 2271 355 2302 tam
385 2264 512 2301 multis
541 2262 730 2299 viduasset
759 2261 901 2298 civibus
930 2260 1075 2296 urbem.

106 2325 156 2361 At
184 2336 265 2370 vos,
294 2335 317 2360 o
348 2323 484 2371 superi,
515 2328 551 2359 et
582 2322 708 2359 divum
738 2328 777 2358 tu
806 2319 972 2356 maxime
1000 2325 1123 2355 rector

105 2383 286 2433 Iuppiter,
317 2381 482 2427 Arcadii,
513 2393 669 2430 quaeso,
699 2380 928 2416 miserescite
957 2378 1056 2425 regis

107 2450 143 2480 et
172 2444 312 2493 patrias
341 2441 467 2479 audite
496 2452 640 2490 preces.
699 2439 739 2477 Si
768 2438 927 2475 numina
956 2444 1076 2474 vestra
