1669 2737
591 72 759 108 LIBER
781 72 815 109 J.
845 75 1059 120 420-497.

137 180 284 219 lucidus
312 181 414 219 orbis
442 181 521 226 erit,
550 180 685 219 frustra
712 180 898 218 terrebere
927 179 1079 225 nimbis,

138 247 175 277 et
203 240 304 277 claro
334 240 443 278 silvas
473 253 607 278 cernes
636 240 828 289 Aquilone
858 239 1013 276 moveri.

138 298 315 347 Denique
343 299 434 348 quid
462 311 597 348 vesper
625 311 730 337 serus
758 298 881 343 vehat,
913 297 1017 334 unde
1046 308 1200 334 serenas

138 364 274 395 ventus
302 365 390 407 agat
417 359 551 403 nubes,
581 357 674 407 quid
703 357 844 406 cogitet
871 357 1025 393 umidus
1053 356 1203 401 Auster,

141 417 197 454 sol
226 417 291 454 tibi
321 417 432 465 signa
460 416 574 454 dabit.
633 416 763 454 Solem
791 416 876 465 quis
905 415 1031 452 dicere
1056 414 1193 452 falsum

140 476 304 514 audeat?
361 475 428 513 Ille
458 476 572 513 etiam
603 487 741 513 caecos
771 475 909 512 instare
937 474 1120 511 tumultus

140 547 255 584 saepe
283 542 416 572 monet
445 534 690 584 fraudemque
720 540 757 571 et
786 540 919 583 operta
946 540 1159 571 tumescere
1187 531 1297 569 bella.

139 594 206 632 Ille
235 593 348 631 etiam
378 592 566 629 exstincto
595 592 793 629 miseratus
824 591 990 630 Caesare
1020 592 1201 639 Romam,

141 663 229 688 curn
258 657 372 700 caput
400 652 563 689 obscura
590 651 752 689 nitidum
782 650 971 700 ferrugine
999 651 1103 696 texit,

141 710 333 759 impiaque
363 716 556 748 aeternam
585 711 790 748 timuerunt
818 709 969 747 saecula
996 717 1164 747 noctem.

141 768 339 819 Tempore
368 782 603 820 quamquam
631 770 695 807 illo
725 770 834 808 tellus
863 781 1018 820 quoque
1047 776 1084 806 et
1113 781 1280 818 aequora
1307 768 1416 818 ponti

141 829 411 878 obscenaeque
440 841 555 867 canes
583 830 900 878 importunaeque
928 828 1100 866 volucres

141 888 252 937 signa
280 889 434 926 dabant.
492 889 683 936 Quotiens
713 888 929 938 Cyclopum
958 887 1137 926 effervere
1166 887 1205 925 in
1235 899 1350 937 agros

141 947 304 985 vidimus
330 948 540 986 undantem
568 949 687 997 ruptis
716 948 933 985 fornacibus
962 948 1140 993 Aetnam,

141 1006 460 1057 flammarumque
488 1007 627 1057 globos
655 1007 935 1056 liquefactaque
965 1006 1113 1044 volvere
1143 1008 1259 1044 saxa!

142 1067 348 1104 Armorum
376 1067 544 1105 sonitum
572 1073 652 1104 toto
682 1066 891 1104 Germania
919 1066 1026 1104 caelo

142 1126 271 1173 audiit,
300 1126 460 1164 insolitis
488 1133 720 1164 tremuerunt
749 1126 916 1163 motibus
945 1125 1075 1175 Alpes.

143 1184 232 1223 Vox
262 1197 416 1235 quoque
444 1198 512 1236 per
539 1186 646 1223 lucos
675 1186 790 1234 vulgo
820 1185 995 1222 exaudita
1025 1185 1176 1222 silentes

142 1245 290 1293 ingens,
320 1251 359 1282 et
387 1245 587 1282 simulacra
615 1244 741 1282 modis
770 1244 949 1294 pallentia
978 1244 1080 1281 miris

143 1305 223 1342 visa
252 1305 322 1342 sub
350 1305 556 1342 obscurum
584 1304 719 1349 noctis,
748 1304 992 1353 pecudesque
1021 1304 1172 1342 locutae

144 1363 366 1403 infanduml
407 1366 543 1403 sistunt
571 1377 705 1402 amnes
734 1370 929 1413 terraeque
959 1364 1169 1409 dehiscunt,

144 1431 182 1461 et
209 1431 399 1462 maestum
428 1424 624 1462 illacrimat
652 1423 804 1472 templis
833 1424 927 1460 ebur
955 1435 1118 1473 aeraque
1149 1422 1298 1460 sudant.

144 1483 289 1521 Proluit
316 1484 453 1521 insano
483 1489 742 1532 contorquens
771 1482 908 1519 vertice
938 1483 1049 1520 silvas

144 1543 343 1580 fluviorum
371 1555 437 1580 rex
466 1541 667 1587 Eridanus,
698 1553 936 1591 camposque
965 1554 1032 1590 per
1061 1553 1197 1579 omnes

145 1614 234 1639 eum
263 1601 418 1640 stabulis
447 1608 618 1638 armenta
646 1600 738 1638 tulit.
798 1599 882 1638 Nec
911 1607 1085 1650 tempore
1115 1599 1254 1638 eodem

145 1663 310 1700 tristibus
339 1668 403 1699 aut
431 1662 527 1699 extis
556 1660 671 1698 fibrae
702 1671 884 1709 apparere
914 1659 1084 1698 minaces

146 1728 211 1759 aut
239 1721 362 1771 puteis
391 1733 547 1758 manare
577 1732 687 1757 cruor
715 1720 887 1765 cessavit,
917 1726 954 1756 et
982 1719 1080 1756 altae

146 1794 214 1831 per
241 1788 396 1819 noctem
423 1791 601 1818 resonare
631 1779 728 1828 lupis
757 1778 988 1817 ululantibus
1018 1780 1144 1817 urbes.

147 1841 240 1879 Non
269 1840 361 1878 alias
391 1840 497 1878 caelo
527 1839 746 1877 ceciderunt
775 1838 885 1888 plura
913 1850 1051 1876 sereno

145 1900 305 1951 fulgura,
334 1912 406 1938 nec
437 1899 506 1937 diri
535 1899 675 1936 totiens
705 1910 829 1936 arsere
859 1904 1045 1936 cometae.

145 1959 253 2009 Ergo
281 1959 378 1997 inter
405 1971 487 1996 sese
515 1958 668 2008 paribus
698 1969 926 1996 concurrere
956 1956 1040 1994 telis

147 2019 348 2057 Romanas
376 2019 477 2056 acies
504 2018 639 2055 iterum
667 2016 794 2054 videre
823 2015 1008 2065 Philippi;

146 2091 219 2117 nec
246 2078 314 2116 fuit
342 2078 544 2126 indignum
572 2077 729 2125 superis,
759 2076 818 2113 bis
849 2075 1036 2124 sanguine
1065 2080 1198 2112 nostro

145 2137 367 2175 Emathiam
394 2144 433 2175 et
458 2137 556 2175 latos
586 2135 730 2173 Haemi
758 2136 1008 2185 pinguescere
1037 2144 1211 2183 campos.

148 2197 298 2236 Scilicet
326 2203 364 2234 et
390 2203 542 2245 tempus
571 2196 709 2241 veniet,
740 2207 829 2232 curn
859 2194 997 2231 finibus
1028 2193 1098 2230 illis

147 2256 313 2306 agricola
340 2256 497 2294 incurvo
525 2262 663 2293 terram
690 2254 845 2291 molitus
874 2259 999 2290 aratro

147 2328 262 2354 exesa
290 2316 454 2353 inveniet
482 2315 618 2353 scabra
646 2314 820 2362 robigine
850 2312 937 2361 pila,

148 2382 213 2413 aut
241 2375 417 2425 gravibus
445 2374 573 2412 rastris
601 2373 730 2423 galeas
759 2371 925 2421 pulsabit
953 2371 1099 2415 inanes,

148 2435 383 2485 grandiaque
412 2433 562 2472 effossis
590 2432 786 2470 mirabitur
814 2442 903 2469 ossa
931 2428 1125 2479 sepulcris.

1462 242 1526 283 460

1464 537 1525 576 465

1464 842 1528 874 470

1465 1138 1527 1172 475

1473 2029 1538 2062 490

1473 2325 1534 2356 495
