1669 2737
128 66 210 116 264
697 63 921 103 AENEJS.

126 179 288 217 invisum
316 179 390 217 hoc
419 177 574 217 detrude
604 182 718 226 caput
747 176 817 214 sub
846 176 1008 214 Tartara
1035 174 1124 221 telo,

128 238 282 288 quando
310 238 414 275 aliter
442 248 592 286 nequeo
621 235 812 274 crudelem
841 236 1068 284 abrumpere
1098 230 1239 271 vitam?

128 298 217 335 Hoc
246 297 336 334 fletu
365 297 541 334 concussi
571 294 697 340 animi,
726 301 971 342 maestusque
999 305 1066 342 per
1095 303 1231 329 omnes

128 357 154 394 it
181 357 366 406 gemitus:
405 361 556 403 torpent
584 353 765 390 infractae
795 353 844 390 ad
873 352 1018 402 proelia
1046 352 1156 389 vires.

128 416 237 453 Illam
264 414 532 452 incendentem
561 413 682 450 luctus
712 412 852 449 Idaeus
881 418 919 448 et
947 412 1068 449 Actor

128 475 262 512 Ilionei
291 474 438 511 monitu
467 480 504 509 et
532 472 691 508 multum
721 470 950 508 lacrimantis
979 469 1051 506 Iuli

130 534 335 582 corripiunt
361 533 533 581 interque
561 542 696 568 manus
726 530 796 567 sub
825 536 924 567 tecta
951 534 1151 577 reponunt.

183 595 234 630 At
261 593 350 630 tuba
378 591 578 628 terribilem
609 590 774 626 sonitum
803 588 936 637 procul
965 600 1051 626 aere
1081 597 1224 624 canoro

129 653 335 701 increpuit;
377 650 541 698 sequitur
570 648 712 686 clamor
740 647 963 696 caelumque
991 645 1163 695 remugit.

132 712 354 750 Accelerant
383 715 467 746 acta
496 708 633 758 pariter
661 706 850 745 testudine
880 706 1014 744 Volsci

132 780 167 810 et
194 770 315 807 fossas
343 768 498 817 implere
527 773 662 816 parant
690 778 735 804 ac
763 766 899 803 vellere
927 765 1076 802 vallum.

132 832 329 878 Quaerunt
358 840 444 877 pars
474 827 617 864 aditum
647 832 684 864 et
713 825 823 863 scalis
853 825 1060 862 ascendere
1088 834 1230 868 muros,

132 902 207 941 qua
234 900 316 926 rara
344 894 400 924 est
428 886 528 924 acies
557 885 828 932 interlucetque
857 895 1000 921 corona

131 962 210 987 non
240 956 318 985 tarn
347 947 468 995 spissa
496 945 593 982 viris.
650 944 835 981 Telorum
864 942 1060 980 effundere
1090 947 1224 979 contra

132 1020 246 1046 omne
275 1018 396 1056 genus
427 1004 567 1041 Teucri
595 1016 639 1041 ac
669 1003 771 1040 duris
801 1001 999 1039 detrudere
1029 1000 1163 1046 contis,

133 1068 270 1106 assueti
299 1066 416 1114 longo
445 1076 577 1101 muros
607 1062 809 1100 defendere
838 1061 951 1098 bello.

133 1129 233 1166 Saxa
261 1137 414 1175 quoque
444 1123 581 1160 infesto
611 1122 812 1159 volvebant
839 1121 1010 1170 pondere
1041 1120 1071 1156 si
1102 1130 1177 1167 qua

132 1193 288 1237 possent
316 1191 455 1221 tectam
485 1183 606 1219 aciem
637 1193 893 1231 perrumpere,
924 1192 1012 1218 cum
1041 1186 1171 1215 tamen
1201 1188 1336 1214 omnes

133 1248 227 1284 ferre
256 1246 355 1281 iuvat
384 1243 510 1279 subter
539 1242 657 1278 densa
686 1240 875 1277 testudine
905 1250 1026 1276 casuS.

133 1306 216 1343 Nec
243 1304 318 1341 iam
348 1301 547 1339 sufficiunt.
605 1299 706 1336 Nam
736 1311 812 1348 qua
841 1298 976 1347 globus
1005 1296 1178 1333 imminet
1207 1295 1354 1343 ingens,

131 1366 338 1401 immanem
367 1360 507 1397 Teucri
535 1359 677 1396 molem
705 1359 935 1406 volvuntque
965 1363 1164 1403 ruuntque,

133 1435 229 1473 quae
258 1421 383 1459 stravit
412 1419 574 1457 Rutulos
603 1418 675 1455 late
705 1428 974 1465 armorumque
1003 1415 1153 1452 resolvit

132 1482 310 1532 tegmina.
367 1479 451 1516 Nec
481 1484 612 1516 curant
642 1488 759 1514 caeco
790 1475 1023 1513 contendere
1054 1473 1177 1510 Marte

133 1541 294 1590 amplius
324 1538 486 1576 audaces
518 1536 658 1580 Rutuli,
689 1535 755 1572 sed
784 1535 920 1584 pellere
950 1533 1046 1570 vallo

133 1601 336 1640 missilibus
366 1605 521 1636 certant.

133 1663 242 1700 Parte
272 1660 343 1698 alia
371 1657 582 1695 horrendus
611 1657 692 1693 visu
721 1655 926 1704 quassabat
954 1654 1155 1691 Etruscam

133 1723 266 1772 pinum
296 1726 333 1756 et
360 1716 556 1754 fumiferos
585 1715 696 1752 infert
727 1714 940 1750 Mezentius
970 1714 1104 1761 ignes,

135 1790 172 1819 at
201 1780 404 1827 Messapus
434 1787 575 1825 equum
605 1773 780 1818 domitor,
813 1772 1008 1820 Neptunia
1035 1770 1173 1820 proles,

135 1839 312 1878 rescindit
341 1837 480 1873 vallum
510 1840 545 1872 et
577 1833 698 1871 scalas
728 1833 765 1868 in
793 1832 948 1868 moenia
977 1831 1108 1880 poscit.

188 1899 280 1944 Vos,
312 1909 335 1934 o
367 1896 550 1943 Calliope,
581 1904 726 1942 precor,
756 1891 918 1939 aspirate
948 1890 1110 1934 canenti,

137 1971 230 2008 quas
261 1957 310 1993 ibi
339 1963 419 1993 tum
449 1954 547 1990 ferro
577 1961 732 2000 strages,
762 1962 860 1999 quae
890 1949 1022 1986 funera
1052 1949 1206 1985 Turnus

137 2017 302 2061 ediderit,
333 2026 447 2064 quem
479 2013 638 2062 quisque
668 2011 789 2046 virum
819 2008 1010 2046 demiserit
1040 2006 1167 2053 Orco5

137 2085 172 2113 et
200 2087 352 2112 mecum
382 2074 558 2121 ingentes
587 2082 674 2107 oras
703 2068 862 2106 evolvite
890 2066 988 2104 belli.

139 2134 207 2188 [Et
234 2133 458 2171 meministis
488 2131 601 2176 enirn,
632 2130 752 2174 divae,
783 2134 819 2165 et
847 2137 1061 2164 memorare
1091 2118 1282 2178 potestis]

191 2194 323 2231 Turris
353 2198 430 2229 erat
459 2198 566 2227 vasto
597 2194 776 2237 suspectu
805 2194 841 2225 et
870 2186 1050 2235 pontibus
1080 2185 1173 2231 altis,

138 2261 356 2303 opportuna
386 2253 484 2295 loco,
516 2249 673 2287 summis
703 2258 821 2297 quam
850 2245 989 2282 viribus
1018 2256 1154 2281 omnes

140 2323 358 2362 expugnare
388 2310 472 2347 Itali
501 2319 725 2357 summaque
754 2311 918 2344 evertere
947 2315 1067 2352 opum
1096 2303 1130 2339 vi

140 2372 343 2415 certabant,
374 2369 497 2406 Troes
528 2374 660 2405 contra
688 2365 891 2403 defendere
921 2363 1020 2401 saxis

141 2442 283 2481 perque
312 2441 422 2467 cavas
452 2428 558 2465 densi
587 2427 660 2464 tela
687 2426 901 2473 intorquere
931 2421 1123 2459 fenestras.

1443 422 1507 454 500

1446 716 1507 748 505

1447 1012 1509 1044 510

1448 1308 1509 1339 515

1453 1604 1517 1635 520

1457 1901 1518 1932 5²5

1458 2197 1521 2229 530
