1669 2737
199 83 253 138 56
746 90 1032 127 GEORGICA.

200 204 236 234 et
266 197 373 235 labor
402 205 438 236 et
468 199 584 236 durae
614 198 712 247 rapit
741 198 986 236 inclementia
1014 198 1160 237 mortis.

201 255 361 306 Semper
390 266 510 302 erunt,
541 269 703 306 quarum
732 258 870 294 mutari
900 270 1063 306 corpora
1090 258 1226 295 malis:

200 326 351 364 semper
381 317 482 353 enim
512 316 625 353 refice
654 328 710 361 ac,
740 327 788 353 ne
817 324 907 365 post
937 317 1079 354 amissa
1108 317 1292 365 requiras,
1549 329 1591 363 ¹50

200 382 287 410 ante
316 375 403 411 veni
432 383 469 412 et
498 375 673 412 subolem
702 381 876 412 armento
907 376 1039 413 sortire
1069 376 1285 425 quotannis.

254 432 338 470 Nec
367 446 448 471 non
477 442 514 471 et
543 434 675 483 pecori
705 442 761 472 est
790 435 894 472 idem
924 435 1095 472 delectus
1125 435 1280 484 equino.

201 491 265 529 Tu
292 493 423 539 modo,
454 506 552 543 quos
580 494 620 530 in
651 505 761 542 spem
791 500 933 532 statues
963 495 1199 532 summittere
1228 494 1365 542 gentis,

199 554 449 602 praecipuum
479 555 556 591 iam
584 553 672 590 inde
702 565 725 590 a
752 554 891 592 teneris
919 554 1100 603 impende
1130 554 1313 591 laborem.

201 611 397 650 Continuo
426 613 576 662 pecoris
606 613 783 661 generosi
811 613 935 661 pullus
965 614 1004 650 in
1034 614 1131 650 arvis
1550 627 1587 660 75

199 672 309 709 altius
339 673 558 721 ingreditur,
590 679 626 709 et
655 672 785 709 mollia
814 684 923 710 crura
948 673 1128 721 reponit3

198 732 344 779 primus
373 739 410 768 et
439 731 492 768 ire
521 732 624 768 viam
655 739 692 768 et
720 731 857 768 fluvios
887 738 1073 780 temptare
1102 732 1274 769 minaces

199 790 314 828 audet
342 798 379 828 et
408 791 542 840 ignoto
573 803 656 828 sese
686 791 925 828 committere
955 790 1075 840 ponti,

199 862 272 887 nec
300 862 421 887 vanos
451 849 578 887 horret
607 850 795 899 strepitus.
854 849 912 887 Illi
943 850 1061 887 ardua
1090 850 1218 888 cervix

199 917 452 959 argutumque
483 917 608 959 caput,
638 910 763 947 brevis
793 909 898 947 alvus
927 910 1124 960 obesaque
1154 918 1272 960 terga,
1547 916 1591 947 80

198 971 437 1020 luxuriatque
466 970 556 1007 toris
586 970 804 1007 animosum
833 977 979 1019 pectus.
1037 969 1205 1007 Honesti

199 1030 375 1079 spadices
404 1029 618 1078 glaucique,
650 1029 755 1066 color
784 1029 1009 1066 deterrimus
1040 1029 1134 1067 albis

199 1097 235 1126 et
262 1089 376 1137 gilvo.
434 1088 550 1133 Tum,
581 1089 611 1126 si
641 1100 716 1137 qua
746 1100 886 1125 sonum
914 1088 1048 1138 procul
1077 1100 1183 1125 arma
1211 1087 1363 1133 dedere,

199 1158 295 1187 stare
322 1149 410 1186 loco
440 1149 572 1193 nescit,
602 1149 718 1185 micat
747 1148 901 1185 auribus
930 1155 967 1185 et
995 1148 1120 1185 tremit
1149 1155 1261 1193 artus,

198 1208 480 1256 collectumque
510 1220 690 1257 premens
719 1207 833 1244 volvit
862 1208 934 1244 sub
965 1208 1118 1244 naribus
1148 1207 1290 1256 ignem.
1547 1214 1587 1254 85

197 1267 331 1304 Densa
360 1268 459 1312 iuba,
490 1275 526 1303 et
555 1267 690 1304 dextro
720 1267 856 1304 iactata
884 1267 1072 1303 recumbit
1099 1267 1138 1303 in
1168 1278 1299 1315 armo;

198 1336 236 1365 at
265 1328 406 1377 duplex
437 1328 559 1377 agitur
588 1340 656 1377 per
685 1327 837 1365 lumbos
868 1327 988 1376 spina,
1019 1333 1203 1375 cavatque

197 1387 370 1425 tellurem
399 1394 437 1424 et
467 1387 591 1425 solido
621 1387 784 1436 graviter
814 1394 925 1424 sonat
954 1386 1097 1435 ungula
1126 1397 1257 1423 cornu.

198 1447 305 1485 Talis
334 1447 535 1495 Amyclaei
565 1445 736 1483 domitus
765 1445 929 1483 Pollucis
958 1445 1120 1483 habenis

197 1507 371 1557 Cyllarus
400 1514 448 1552 et,
478 1518 644 1556 quorum
675 1505 780 1544 Graii
809 1506 1019 1543 meminere
1048 1513 1198 1554 poetae,
1547 1521 1591 1553 90

198 1567 332 1605 Martis
361 1567 449 1617 equi
476 1567 624 1616 biiuges
653 1574 691 1603 et
717 1566 850 1615 magni
879 1578 1010 1603 currus
1039 1565 1190 1603 Achilli.

197 1627 306 1664 Talis
335 1634 372 1664 et
400 1627 481 1676 ipse
511 1627 640 1663 iubam
670 1626 815 1663 cervice
845 1625 1007 1662 effundit
1036 1625 1178 1674 equina

198 1687 373 1735 coniugis
403 1686 569 1723 adventu
598 1686 732 1734 pernix
765 1684 963 1729 Saturnus,
993 1691 1030 1721 et
1059 1684 1178 1721 altum

198 1746 334 1784 Pelion
362 1745 515 1782 hinnitu
544 1744 696 1793 fugiens
726 1744 897 1793 implevit
925 1750 1050 1781 acuto.

253 1805 371 1842 Hunc
401 1816 569 1853 quoque,
590 1805 655 1841 ubi
685 1813 749 1841 aut
778 1804 915 1840 morbo
945 1803 1069 1851 gravis
1099 1808 1164 1840 aut
1193 1802 1269 1839 iam
1300 1804 1454 1853 segnior
1480 1803 1590 1840 annis

198 1865 337 1909 deficit,
367 1863 466 1900 abde
496 1863 627 1907 domo,
656 1875 728 1900 nec
757 1863 857 1911 turpi
885 1862 1044 1910 ignosce
1074 1868 1262 1899 senectae.
1548 1869 1590 1910 96

198 1923 375 1973 Frigidus
405 1923 443 1959 in
472 1922 666 1960 Venerem
696 1922 832 1966 senior,
864 1921 1078 1970 frustraque
1107 1921 1279 1958 laborem

199 1984 391 2032 ingratum
420 1981 544 2027 trahit,
575 1989 612 2019 et
641 1982 671 2018 si
701 1980 857 2030 quando
887 1980 936 2017 ad
965 1981 1110 2029 proelia
1138 1988 1296 2017 ventum
1326 1988 1394 2028 est,

199 2049 241 2080 ut
269 2041 468 2091 quondam
497 2042 537 2078 in
567 2041 714 2090 stipulis
743 2052 908 2089 magnus
939 2040 1021 2077 sine
1050 2040 1190 2076 viribus
1221 2039 1333 2088 ignis,

200 2103 395 2139 ineassum
424 2100 520 2138 furit.
577 2100 682 2149 Ergo
713 2101 864 2137 animos
892 2111 1106 2147 aevumque
1136 2099 1290 2135 notabis
1532 2113 1594 2136 100

200 2161 404 2212 praecipue
420 2174 430 2207 3
470 2160 559 2198 hinc
589 2160 680 2198 alias
709 2167 809 2197 artes
837 2159 1062 2209 prolemque
1092 2164 1306 2207 parentum,

201 2229 238 2260 et
267 2221 352 2270 quis
381 2221 519 2269 cuique
549 2220 659 2257 dolor
687 2220 799 2264 victo,
830 2231 929 2268 quae
959 2218 1078 2266 gloria
1107 2217 1270 2266 palmae.

201 2282 346 2320 Nonne
375 2281 490 2327 vides,
521 2293 610 2318 cum
639 2279 835 2330 praecipiti
864 2279 1071 2316 certamine
1100 2289 1282 2327 campum

203 2341 428 2390 corripuere,
458 2348 649 2389 ruuntque
679 2339 790 2377 effusi
819 2350 971 2375 carcere
1001 2349 1143 2383 currus,
1170 2387 1178 2389 ‚

204 2413 293 2439 cum
321 2412 408 2449 spes
438 2406 605 2436 arrectae
634 2400 828 2442 iuvenum,
856 2395 1159 2443 exsultantiaque
1188 2393 1311 2432 haurit
1533 2411 1591 2443 ¹05

204 2459 318 2498 corda
346 2471 464 2510 pavor
492 2458 674 2509 pulsans?
731 2458 791 2496 Illi
819 2457 962 2495 instant
991 2456 1144 2493 verbere
1174 2460 1275 2492 torto
