1669 2737
512 90 681 125 LIBER
718 89 822 125 Vlll.
857 96 1066 138 302-379.

113 198 316 238 Aeneadas
349 210 513 247 magnos
542 204 579 235 et
607 197 735 235 nobile
765 197 1012 235 Pallanteum.

115 259 219 296 Hinc
247 258 375 295 lucum
404 258 599 305 ingentem
627 269 742 305 quem
774 256 962 293 Romulus
992 267 1078 292 acer
1107 255 1269 304 Asylum

114 317 251 355 rettulit
279 324 316 354 et
344 316 469 365 gelida
498 323 683 353 monstrat
713 316 783 352 sub
812 327 907 364 rupe
938 314 1137 363 Lupercal,

115 376 312 413 Parrhasio
341 375 484 412 dictum
515 375 642 411 Panos
671 374 718 411 de
748 386 855 411 more
886 374 1035 423 Lycaei.

115 435 199 473 Nec
227 447 308 472 non
337 442 374 472 et
403 435 498 471 sacri
528 440 715 470 monstrat
745 446 880 471 nemus
910 433 1068 482 Argileti

115 501 346 544 testaturque
375 494 503 532 locum
533 500 569 530 et
597 493 713 530 letum
744 493 856 530 docet
884 493 1045 541 hospitis
1076 493 1179 541 Argi.

115 554 220 592 Hinc
249 555 299 591 ad
329 553 536 602 Tarpeiam
565 553 695 590 sedem
725 561 762 590 et
791 551 980 601 Capitolia
1010 552 1122 595 ducit,

114 625 229 651 aurea
256 625 370 657 nunc,
401 613 492 649 olim
521 612 751 649 silvestribus
780 611 936 649 horrida
966 612 1100 648 dumis.

116 672 199 709 Iam
227 680 309 709 tum
336 671 467 720 religio
496 671 654 719 pavidos
684 672 846 708 terrebat
876 678 1046 719 agrestes

116 731 196 768 dira
223 731 307 775 loci,
334 731 409 767 iarn
437 738 519 768 tum
547 730 680 767 silvam
710 742 923 779 saxumque
953 730 1178 767 tremebant.

117 790 230 828 ‘Hoc
258 801 407 835 nemus,
436 789 560 827 hunc'
592 790 712 838 inquit
742 790 951 826 ‘frondoso
981 790 1118 826 vertice
1149 789 1286 826 collem

117 849 218 899 (quis
248 849 342 886 deus
371 849 558 886 incertum
587 849 660 898 est)
689 849 832 885 habitat
862 849 979 886 deus:
1021 848 1192 885 Arcades
1222 849 1348 897 ipsum

117 909 276 945 credunt
305 920 343 945 se
373 908 510 944 vidisse
540 908 683 953 Iovem,
715 921 803 945 cum
833 920 946 957 saepe
976 909 1190 956 nigrantem

117 968 253 1016 aegida
282 973 500 1005 concuteret
531 968 662 1004 dextra
691 968 921 1016 nimbosque
953 969 1078 1005 cieret.

118 1026 228 1064 Haec
257 1025 333 1063 duo
363 1034 559 1075 praeterea
589 1026 752 1063 disiectis
782 1027 925 1075 oppida
955 1028 1085 1072 muris,

117 1086 293 1135 reliquias
321 1094 563 1135 veterumque
593 1087 698 1123 vides
727 1088 966 1124 monimenta
995 1087 1171 1125 virorum.

119 1144 234 1182 Hanc
263 1145 379 1182 Ianus
408 1153 525 1194 pater,
555 1146 656 1183 hanc
687 1147 871 1183 Saturnus
901 1146 1071 1183 condidit
1101 1158 1249 1184 arcem:

118 1204 331 1241 Ianiculum
359 1204 458 1250 huic,
489 1205 538 1241 illi
568 1205 687 1243 fuerat
717 1205 892 1242 Saturnia
922 1206 1088 1243 nomen!

119 1263 279 1301 Talibus
307 1264 404 1300 inter
433 1277 474 1301 se
504 1265 612 1301 dictis
641 1265 688 1301 ad
718 1273 815 1302 tecta
845 1266 1023 1302 subibant

119 1325 297 1373 pauperis
325 1323 493 1360 Evandri
522 1325 742 1373 passimque
772 1333 942 1361 armenta
972 1325 1148 1362 videbant

121 1383 378 1432 Romanoque
406 1383 491 1420 soro
521 1392 557 1420 et
586 1384 694 1421 lautis
724 1385 870 1433 mugire
901 1384 1057 1422 Carinis.

120 1442 174 1479 Ut
201 1450 356 1479 ventum
386 1442 435 1479 ad
464 1442 585 1488 sedes,
617 1443 774 1481 ‘Haec’
804 1444 924 1492 inquit
955 1444 1105 1480 ‘limina
1135 1444 1253 1482 victor

120 1501 276 1540 Alcides
306 1502 426 1547 subiit,
457 1501 552 1539 haec
583 1503 687 1539 illum
716 1504 821 1552 regia
849 1504 958 1551 cepit.

121 1561 244 1607 Aude,
274 1561 428 1610 hospes,
458 1568 705 1598 contemnere
735 1574 829 1611 opes
859 1570 895 1599 et
925 1569 960 1599 te
991 1574 1145 1611 quoque
1177 1563 1336 1612 dignum

121 1621 224 1669 finge
254 1620 327 1658 deo
356 1621 546 1669 rebusque
575 1622 660 1658 veni
690 1634 769 1658 non
800 1634 911 1670 asper
941 1621 1096 1671 egenis.'

122 1679 228 1716 Dixit
257 1686 294 1717 et
322 1680 472 1729 angusti
503 1680 629 1717 subter
657 1680 806 1729 fastigia
836 1681 924 1718 tecti

123 1741 319 1788 ingentem
347 1740 508 1776 Aenean
537 1739 644 1776 duxit
673 1741 871 1789 stratisque
900 1740 1037 1778 locavit

124 1799 295 1837 effultum
323 1799 420 1836 foliis
449 1807 486 1837 et
514 1799 612 1848 pelle
640 1798 845 1848 Libystidis
873 1812 994 1837 ursae.

176 1858 268 1895 Nox
296 1859 368 1896 ruit
397 1866 434 1895 et
462 1858 776 1896 fuscis-:tellurem
806 1859 1044 1908 amplectitur
1074 1859 1151 1898 alis.

125 1919 177 1956 At
205 1917 339 1955 Venus
367 1917 470 1954 haud
498 1918 628 1954 animo
658 1919 891 1967 nequiquam
921 1920 1096 1956 exterrita
1125 1926 1246 1957 mater

125 1977 435 2026 Laurentumque
465 1977 578 2014 minis
607 1983 644 2014 et
674 1978 769 2014 duro
798 1986 903 2014 mota
933 1978 1093 2014 tumultu

125 2038 343 2075 Vulcanum
371 2038 573 2086 alloquitur
601 2037 846 2086 thalamoque
876 2037 970 2074 haec
1000 2038 1175 2087 coniugis
1206 2050 1320 2075 aureo

125 2097 258 2145 incipit
285 2103 322 2133 et
352 2096 459 2133 dictis
489 2096 659 2133 divinum
689 2097 829 2144 aspirat
859 2108 1053 2133 amorem:

129 2156 253 2192 ‘Dum
281 2155 380 2192 bello
408 2155 576 2203 Argolici
604 2156 804 2192 vastabant
833 2155 1020 2203 Pergama
1050 2167 1158 2204 reges

127 2215 255 2252 debita
283 2226 511 2263 casurasque
539 2215 702 2251 inimicis
732 2215 884 2263 ignibus
913 2226 1030 2258 arces,

127 2286 208 2311 non
237 2273 355 2310 ullum
383 2273 565 2310 auxilium
594 2274 750 2318 miseris⁷
781 2285 861 2309 non
891 2285 997 2309 arma
1025 2274 1156 2322 rogavi

128 2333 216 2370 artis
245 2332 407 2381 opisque
436 2339 532 2377 tuae,
563 2344 635 2369 nec
665 2339 712 2377 te,
743 2332 937 2368 carissime
967 2332 1148 2377 coniunx,

128 2393 366 2429 incassumve
398 2398 484 2428 tuos
513 2391 614 2428 volui
643 2403 818 2428 exercere
848 2391 1007 2435 labores,

129 2452 302 2501 quamvis
332 2458 369 2488 et
400 2451 538 2488 Priami
569 2451 748 2488 deberem
777 2450 940 2499 plurima
969 2450 1066 2488 natis

185 2534 274 2559 VOL.
295 2534 319 2559 1.
806 2533 831 2558 R

1416 93 1492 133 241

1438 447 1497 478 345

1439 1043 1498 1074 355

1441 1332 1502 1371 360

1446 1629 1506 1670 365

1450 1935 1512 1966 370

1449 2231 1510 2262 375
