1669 2737
138 80 220 123 322
732 75 958 111 AENEJS.

137 182 271 221 Victus
300 195 431 221 amore
460 184 523 230 tui,
555 190 722 232 cognato
753 185 940 234 sanguine
969 185 1089 223 victus

137 243 310 291 coniugis
339 249 377 280 et
405 250 575 281 maestae
603 244 779 291 lacrimis,
810 245 933 282 vincla
962 246 1093 282 omnia
1121 245 1232 294 rupi:
1487 262 1527 293 30

136 302 366 350 promissam
396 303 514 352 eripui
543 315 698 352 genero,
729 316 833 341 arma
863 304 979 353 impia
1007 306 1165 353 sumpsi.

135 359 195 398 Ex
225 362 289 399 illo
319 363 384 412 qui
413 375 475 400 me
505 375 630 410 casus,
661 376 772 412 quae,
803 364 947 410 Turne,
979 372 1187 413 sequantur

135 420 244 467 bella,
275 422 391 468 vides,
423 429 589 470 quantos
620 424 766 472 primus
796 424 940 473 patiare
969 424 1130 461 labores.

135 480 201 518 Bis
230 493 373 530 magna
401 483 488 519 victi
517 495 650 531 pugna
679 483 740 519 vix
771 483 864 520 urbe
894 490 1043 520 tuemur

136 553 223 589 spes
251 540 390 587 Italas;
427 542 594 579 recalent
623 549 756 580 nostro
787 542 983 591 Thybrina
1013 542 1156 579 fluenta
1485 556 1524 588 35

136 601 321 649 sanguine
351 600 477 638 adhuc
507 602 711 651 campique
741 603 915 651 ingentes
944 602 1095 639 ossibus
1125 602 1264 640 albent.

136 659 227 706 Quo
257 659 398 697 referor
426 660 591 698 totiens?
631 673 729 710 quae
759 668 928 699 mentem
958 661 1105 698 insania
1134 661 1283 698 mutat?

135 720 166 756 si
195 718 330 756 Turno
361 719 549 756 exstincto
579 720 706 757 socios
736 732 822 758 sum
851 721 971 758 ascire
1001 726 1163 769 paratus,

135 792 201 817 cur
229 791 309 817 non
338 779 521 816 incolumi
550 780 680 828 potius
709 781 918 817 certamina
948 780 1065 817 tollo?

135 840 227 889 quid
257 839 533 888 consanguinei
563 839 704 886 Rutuli,
736 840 828 889 quid
857 848 982 878 cetera
1012 841 1113 879 dicet
1484 856 1527 888 40

136 899 255 943 Italia,
285 898 334 935 ad
363 904 529 935 mortem
558 900 589 937 si
618 904 655 936 te
685 898 799 948 (Fors
830 899 931 936 dicta
959 899 1110 950 refutet)

136 959 381 1009 prodiderim,
411 966 541 996 natam
571 966 608 996 et
637 960 804 996 conubia
833 966 964 997 nostra
992 960 1214 1008 petentem?

138 1021 303 1070 Respice
332 1032 392 1057 res
421 1019 523 1057 bello
553 1020 699 1065 varias;
739 1020 917 1057 miserere
947 1021 1116 1068 parentis

136 1079 325 1128 longaevi,
356 1091 473 1127 quem
501 1091 605 1115 nunc
635 1085 825 1116 maestum
854 1079 976 1128 patria
1004 1079 1133 1117 Ardea
1161 1079 1278 1129 longe

137 1136 287 1177 dividit?
346 1137 661 1187 Haudquaquam
693 1138 801 1176 dictis
832 1138 1008 1176 violentia
1037 1137 1160 1175 Turni
1484 1154 1526 1187 45

136 1199 322 1236 flectitur:
363 1205 568 1246 exsuperat
597 1198 721 1247 magis
751 1199 1016 1247 aegrescitque
1044 1196 1251 1235 medendo.

137 1257 189 1295 Ut
219 1258 383 1307 primum
414 1256 483 1294 fari
513 1258 645 1305 potuit,
676 1258 730 1294 sic
761 1258 893 1294 institit
921 1268 1009 1294 ore:

138 1317 289 1363 ‘Quam
319 1328 388 1366 pro
417 1328 480 1352 me
511 1328 642 1353 curam
672 1316 783 1365 geris,
814 1316 915 1353 hane
944 1327 1090 1364 precor,
1120 1315 1277 1365 optime,
1306 1327 1377 1364 pro
1407 1327 1469 1352 me

136 1376 310 1425 deponas
338 1376 534 1424 letumque
564 1376 665 1412 sinas
695 1388 765 1424 pro
795 1375 906 1412 laude
936 1374 1100 1424 pacisci:

137 1442 174 1472 et
202 1446 274 1472 nos
303 1433 387 1479 tela,
417 1441 533 1482 pater,
564 1433 781 1482 ferrumque
811 1434 914 1471 haud
944 1432 1067 1471 debile
1098 1432 1233 1470 dextra
1484 1449 1526 1481 50

138 1494 372 1543 spargimus;
413 1499 450 1530 et
477 1499 609 1530 nostro
638 1493 808 1542 sequitur
838 1493 885 1530 de
914 1493 1068 1531 vulnere
1098 1493 1265 1542 sanguis.

138 1553 275 1602 Longe
304 1553 354 1589 illi
383 1551 457 1590 dea
486 1559 606 1589 mater
634 1553 714 1596 erit,
746 1564 844 1602 quae
874 1553 976 1590 nube
1006 1551 1182 1600 fugacem

138 1613 302 1650 feminea
331 1617 436 1660 tegat
465 1617 501 1648 et
530 1611 635 1648 vanis
666 1623 749 1648 sese
779 1611 929 1648 occulat
957 1610 1121 1649 umbris?

191 1672 242 1709 At
270 1671 412 1719 regina,
443 1682 545 1707 nova
574 1682 727 1719 pugnae
758 1670 961 1707 conterrita
990 1676 1103 1715 sorte,

137 1732 253 1768 flebat
281 1736 319 1767 et
347 1729 545 1766 ardentem
573 1741 761 1777 generum
791 1729 972 1766 moritura
1001 1729 1179 1766 tenebat:
1484 1744 1524 1776 55

139 1790 305 1833 ‘Turne‚
335 1801 403 1837 per
431 1788 500 1825 has
529 1800 602 1836 ego
631 1794 667 1825 te
696 1787 884 1832 lacrimas,
916 1800 983 1837 per
1012 1788 1043 1824 si
1072 1788 1157 1837 quis
1187 1786 1349 1826 Amatae

138 1850 259 1898 tangit
286 1848 412 1885 honos
442 1847 612 1884 animum
644 1846 753 1896 (spes
782 1854 824 1884 tu
852 1859 955 1884 nunc
984 1858 1072 1891 una,
1103 1853 1280 1884 senectae

138 1916 179 1946 tu
206 1907 355 1956 requies
384 1907 556 1951 miserae,
587 1906 704 1944 decus
733 1906 1013 1955 imperiumque
1042 1904 1167 1942 Latini

138 1976 175 2006 te
203 1979 333 2017 penes,
363 1966 402 2003 in
432 1972 468 2003 te
498 1965 624 2003 omnis
654 1965 792 2003 domus
819 1965 999 2002 inclinata
1027 1964 1240 2015 recumbit),

138 2039 259 2065 unum
287 2037 382 2063 oro:
423 2025 561 2063 desiste
590 2037 750 2062 manum
779 2024 1016 2063 committere
1046 2023 1218 2061 Teucris.
1483 2031 1526 2064 60

140 2085 218 2132 Qui
244 2092 282 2122 te
311 2096 476 2133 cumque
504 2091 661 2121 manent
688 2085 760 2123 isto
792 2084 996 2122 certamine
1027 2095 1147 2129 casus,

139 2153 177 2185 et
205 2159 278 2191 me,
309 2145 454 2192 Turne,
484 2153 664 2183 manent:
706 2145 817 2183 simul
846 2146 941 2183 haec
970 2145 1091 2182 invisa
1120 2144 1333 2196 relinquam

139 2207 283 2244 lumina
311 2218 382 2243 nec
411 2218 597 2255 generum
626 2206 787 2243 Aenean
816 2206 966 2255 captiva
993 2204 1155 2242 videb0.'

140 2266 301 2315 Accepit
328 2277 463 2302 vocem
491 2265 654 2303 lacrimis
684 2265 843 2303 Lavinia
871 2263 1001 2302 matris

141 2325 344 2374 flagrantes
373 2324 526 2373 perfusa
555 2337 686 2373 genas,
717 2324 777 2362 cui
806 2323 989 2374 plurimus
1018 2322 1147 2372 ignem
1484 2330 1524 2371 65

143 2385 301 2423 subiecit
327 2385 442 2422 rubor
470 2390 508 2421 et
537 2384 722 2422 calefacta
751 2396 818 2433 per
847 2396 914 2421 ora
943 2383 1114 2421 cucurrit.

141 2445 282 2483 Indum
310 2443 522 2492 sanguineo
552 2443 664 2480 veluti
694 2443 885 2481 violaverit
914 2449 1017 2481 ostro
