1669 2737
132 82 147 110 1
161 82 175 109 1
183 81 210 119 4
707 72 744 106 A
748 71 933 109 ENEIS.

128 184 265 235 pressit
291 182 397 219 humi
425 182 561 223 nitens,
593 180 839 230 trepidusque
868 186 1024 230 repente
1053 179 1192 229 refugit

128 243 363 280 attollentem
391 241 465 278 iras
494 248 531 278 et
559 240 710 278 caerula
739 240 837 277 colla
864 246 1099 277 tumentem:

127 302 230 339 haud
259 312 369 339 secus
397 300 629 349 Androgeus
659 300 740 336 visu
768 299 1013 337 tremefactus
1043 298 1185 336 abibat.

127 361 309 398 Irruimus
339 359 468 397 densis
495 366 533 396 et
562 358 903 396 circumfundimur
931 358 1058 402 armis,

127 422 358 470 ignarosque
387 418 462 456 loci
491 418 635 467 passim
665 427 701 454 et
730 417 934 454 formidine
964 425 1099 465 captos

128 480 353 518 sternimus:
394 478 535 527 aspirat
564 478 688 528 primo
717 477 887 515 Fortuna
916 477 1048 514 labori.

127 541 256 588 Atque
285 539 346 576 hic
375 550 554 575 successu
583 537 775 574 exsultans
805 537 1019 585 animisque
1050 535 1251 573 Coroebus

130 600 200 638 “O
231 599 335 644 socii,
366 611 441 648 qua
470 595 627 647 prima”
659 598 780 646 inquit
812 597 998 634 “fortuna
1028 597 1156 634 salutis

127 665 313 697 monstrat
342 659 420 703 iter,
451 669 604 707 quaque
634 657 801 693 ostendit
829 668 870 694 se
900 656 1043 700 dextra,
1074 665 1299 704 sequamur:

127 726 319 756 mutemus
348 717 503 766 clipeos,
534 716 793 764 Danaumque
822 715 987 765 insignia
1015 715 1125 752 nobis

128 786 315 827 aptemus.
371 776 495 814 Dolus
523 789 572 813 an
601 777 729 820 virtus,
761 775 845 825 quis
874 776 912 812 in
941 775 1050 812 hoste
1080 774 1270 824 requirat?

127 838 246 874 Arma
275 837 419 874 dabunt
447 834 551 885 ipsi.’'
610 835 672 872 Sic
702 835 801 872 satus
831 835 969 872 deinde
998 841 1218 872 comantem

127 896 326 945 Androgei
356 896 507 945 galeam
535 895 723 944 clipeique
753 894 902 943 insigne
932 893 1115 931 decorum

127 956 295 993 induitur
322 955 505 1004 laterique
534 955 719 1004 Argivum
749 954 1018 992 accommodat
1048 965 1194 990 ensem,

128 1015 219 1054 Hoc
250 1015 432 1064 Rhipeus,
463 1014 539 1052 hoc
568 1015 650 1064 ipse
680 1015 827 1063 Dymas
857 1014 1059 1063 omnisque
1089 1014 1264 1050 iuventus

127 1075 224 1112 laeta
253 1074 364 1120 facit;
405 1074 538 1123 spoliis
569 1086 609 1111 se
640 1074 801 1123 quisque
829 1074 1045 1110 recentibus
1075 1080 1205 1109 armat.

127 1133 315 1171 Vadimus
345 1133 506 1170 immixti
534 1132 682 1170 Danais
711 1132 814 1170 haud
844 1133 1003 1169 numine
1033 1138 1179 1176 nostro,

126 1193 321 1241 multaque
350 1205 418 1242 per
448 1205 601 1230 caecam
631 1192 829 1240 congressi
858 1191 1002 1240 proelia
1031 1198 1188 1228 noctem

128 1253 377 1297 conserimus,
407 1251 549 1289 multos
579 1251 760 1288 Danaum
790 1251 1024 1288 demittimus
1054 1249 1170 1288 Orco.

126 1311 343 1360 Diffugiunt
372 1311 432 1348 alii
462 1310 511 1348 ad
541 1323 657 1347 naves
688 1317 724 1348 et
754 1310 863 1347 litora
892 1322 1003 1347 cursu

127 1372 203 1408 fida
230 1378 375 1420 petunt,
405 1382 494 1419 pars
522 1370 719 1419 ingentem
750 1370 950 1407 formidine
979 1370 1079 1418 turpi

127 1431 316 1468 scandunt
344 1441 472 1466 rursus
502 1441 644 1479 equum
674 1436 711 1467 et
740 1436 833 1466 nota
863 1429 1080 1466 conduntur
1108 1429 1147 1465 in
1176 1429 1275 1467 alvo.

181 1490 293 1527 ‘Heu
324 1489 415 1526 nihil
445 1489 569 1526 invitis
600 1489 654 1526 fas
685 1501 920 1538 quemquam
950 1489 1064 1526 fidere
1094 1489 1200 1527 divis.

125 1549 229 1587 Ecce
257 1549 477 1586 trahebatur
505 1548 629 1597 passis
659 1547 847 1585 Priameia
875 1548 982 1596 virgo

127 1609 293 1646 crinibus
322 1621 344 1645 a
375 1608 519 1656 templo
551 1607 770 1645 Cassandra
799 1607 996 1656 adytisque
1027 1606 1234 1653 Minervae,

126 1669 175 1705 ad
204 1668 352 1705 caelum
382 1666 545 1704 tendens
576 1666 747 1703 ardentia
777 1666 922 1703 lumina
950 1666 1098 1712 frustra,

126 1728 282 1771 lumina,
312 1739 403 1763 narn
432 1733 582 1763 teneras
612 1726 793 1763 arcebant
823 1725 972 1762 vincula
999 1726 1156 1774 palmas.

127 1786 219 1824 Non
249 1786 331 1823 tulit
358 1785 459 1823 hanc
488 1785 657 1834 speciem
686 1785 821 1821 furiata
849 1791 978 1821 mente
1009 1784 1220 1831 Coroebus,

128 1854 164 1883 et
194 1858 277 1883 sese
308 1845 479 1883 medium
508 1844 635 1881 iniecit
664 1844 852 1893 periturus
882 1844 921 1880 in
951 1856 1103 1892 agmen.

128 1905 413 1955 Consequimur
442 1904 569 1942 cuncti
599 1911 636 1941 et
665 1903 794 1940 densis
823 1903 1046 1940 incurrimus
1076 1904 1200 1942 armis.

128 1965 205 2002 Hic
234 1966 399 2014 primum
429 1976 477 2001 ex
506 1963 582 2000 alto
613 1962 758 2000 delubri
790 1962 955 2000 culmine
984 1963 1067 2000 telis

127 2032 342 2061 nostrorum
374 2024 581 2067 obruimur,
612 2023 804 2071 oriturque
834 2022 1046 2059 miserrima
1076 2021 1213 2059 caedes

128 2096 322 2121 armorum
353 2083 447 2120 facie
477 2091 514 2119 et
545 2081 746 2119 Graiarum
776 2093 902 2118 errore
931 2081 1116 2118 iubarum.

128 2143 233 2180 Tum
263 2142 389 2179 Danai
419 2142 562 2191 gemitu
591 2148 706 2190 atque
736 2148 888 2190 ereptae
917 2141 1071 2189 virginis
1099 2141 1155 2178 ira

127 2202 296 2251 undique
327 2201 474 2238 collecti
504 2201 699 2246 invadunt,
728 2201 934 2238 acerrimus
962 2200 1062 2236 Aiax

128 2269 165 2298 et
194 2261 337 2310 gemini
366 2260 523 2297 Atridae
552 2259 829 2308 Dolopumque
858 2260 1046 2296 exercitus
1075 2259 1214 2305 omnis,

129 2321 276 2358 adversi
305 2327 416 2369 rupto
449 2332 519 2357 ceu
549 2319 746 2368 quondam
775 2319 923 2356 turbine
952 2318 1054 2355 venti

130 2380 354 2428 confligunt,
387 2378 660 2428 Zephyrusque
689 2377 892 2427 Notusque
922 2384 958 2415 et
987 2377 1107 2414 laetus
1135 2377 1228 2416 Eois

129 2439 254 2477 Eurus
283 2439 413 2488 equis,
455 2438 615 2475 stridunt
645 2437 769 2484 silvae,
800 2437 994 2486 saevitque
1023 2436 1174 2474 tridenti

1456 184 1523 225 380

1457 481 1521 521 385

1460 787 1523 820 390

1457 1383 1523 1412 400

1457 1680 1520 1713 405

1459 1976 1524 2007 410

1458 2273 1522 2303 415
