<?xml version="1.0" encoding="UTF-8"?>
<!DOCTYPE html PUBLIC "-//W3C//DTD XHTML 1.0 Transitional//EN"
    "http://www.w3.org/TR/xhtml1/DTD/xhtml1-transitional.dtd">
<html xmlns="http://www.w3.org/1999/xhtml" xml:lang="en" lang="en">
 <head>
  <title>
</title>
<meta http-equiv="Content-Type" content="text/html;charset=utf-8" />
  <meta name='ocr-system' content='tesseract 3.04.00' />
  <meta name='ocr-capabilities' content='ocr_page ocr_carea ocr_par ocr_line ocrx_word'/>
</head>
<body>
  <div class='ocr_page' id='page_1' title='image "./operavirgilwithi01virguoft_0250.png"; bbox 0 0 1669 2737; ppageno 0'>
   <div class='ocr_carea' id='block_1_1' title="bbox 138 94 936 138">
    <p class='ocr_par' dir='ltr' id='par_1_1' title="bbox 138 94 936 138">
     <span class='ocr_line' id='line_1_1' title="bbox 138 94 936 138; baseline 0.004 -3"><span class='ocrx_word' id='word_1_1' title='bbox 138 94 214 138; x_wconf 83' lang='lat'>182</span> <span class='ocrx_word' id='word_1_2' title='bbox 614 100 618 101; x_wconf 45' lang='lat'><em>⁷</em></span> <span class='ocrx_word' id='word_1_3' title='bbox 710 102 936 138; x_wconf 80' lang='lat' dir='ltr'>AENEIS.</span> 
     </span>
    </p>
   </div>
   <div class='ocr_carea' id='block_1_2' title="bbox 85 209 1516 2512">
    <p class='ocr_par' dir='ltr' id='par_1_2' title="bbox 85 209 1516 2512">
     <span class='ocr_line' id='line_1_2' title="bbox 133 209 1112 249; baseline 0.003 -3"><span class='ocrx_word' id='word_1_4' title='bbox 133 209 359 247; x_wconf 88' lang='lat' dir='ltr'>debellanda</span> <span class='ocrx_word' id='word_1_5' title='bbox 387 210 452 247; x_wconf 88' lang='lat' dir='ltr'>tibi</span> <span class='ocrx_word' id='word_1_6' title='bbox 480 209 592 247; x_wconf 90' lang='lat' dir='ltr'>Latio</span> <span class='ocrx_word' id='word_1_7' title='bbox 622 216 687 248; x_wconf 91' lang='lat' dir='ltr'>est.</span> <span class='ocrx_word' id='word_1_8' title='bbox 742 210 841 248; x_wconf 91' lang='lat' dir='ltr'>Ditis</span> <span class='ocrx_word' id='word_1_9' title='bbox 869 217 997 249; x_wconf 88' lang='lat' dir='ltr'>tamen</span> <span class='ocrx_word' id='word_1_10' title='bbox 1026 218 1112 249; x_wconf 92' lang='lat' dir='ltr'>ante</span> 
     </span>
     <span class='ocr_line' id='line_1_3' title="bbox 133 270 1078 320; baseline 0.002 -14"><span class='ocrx_word' id='word_1_11' title='bbox 133 270 296 307; x_wconf 86' lang='lat' dir='ltr'>infernas</span> <span class='ocrx_word' id='word_1_12' title='bbox 326 270 466 307; x_wconf 89' lang='lat' dir='ltr'>accede</span> <span class='ocrx_word' id='word_1_13' title='bbox 495 270 634 307; x_wconf 91' lang='lat' dir='ltr'>domos</span> <span class='ocrx_word' id='word_1_14' title='bbox 663 276 700 307; x_wconf 91' lang='lat' dir='ltr'>et</span> <span class='ocrx_word' id='word_1_15' title='bbox 729 270 881 308; x_wconf 89' lang='lat' dir='ltr'>Averna</span> <span class='ocrx_word' id='word_1_16' title='bbox 908 284 976 320; x_wconf 91' lang='lat' dir='ltr'>per</span> <span class='ocrx_word' id='word_1_17' title='bbox 1004 271 1078 308; x_wconf 91' lang='lat' dir='ltr'>alta</span> 
     </span>
     <span class='ocr_line' id='line_1_4' title="bbox 85 329 1348 379; baseline 0.001 -12"><span class='ocrx_word' id='word_1_18' title='bbox 85 370 90 375; x_wconf 59' lang='grc'><em>,</em></span> <span class='ocrx_word' id='word_1_19' title='bbox 134 342 362 379; x_wconf 83' lang='lat' dir='ltr'>congressus</span> <span class='ocrx_word' id='word_1_20' title='bbox 391 336 488 378; x_wconf 85' lang='lat' dir='ltr'>pete,</span> <span class='ocrx_word' id='word_1_21' title='bbox 518 336 616 375; x_wconf 89' lang='lat' dir='ltr'>nate,</span> <span class='ocrx_word' id='word_1_22' title='bbox 645 341 766 367; x_wconf 86' lang='lat' dir='ltr'>meos.</span> <span class='ocrx_word' id='word_1_23' title='bbox 824 329 915 368; x_wconf 94' lang='lat' dir='ltr'>Non</span> <span class='ocrx_word' id='word_1_24' title='bbox 944 343 1005 368; x_wconf 90' lang='lat' dir='ltr'>me</span> <span class='ocrx_word' id='word_1_25' title='bbox 1034 330 1151 379; x_wconf 89' lang='lat' dir='ltr'>impia</span> <span class='ocrx_word' id='word_1_26' title='bbox 1180 341 1348 379; x_wconf 87' lang='lat' dir='ltr'>namque</span> 
     </span>
     <span class='ocr_line' id='line_1_5' title="bbox 134 390 1281 440; baseline 0 -13"><span class='ocrx_word' id='word_1_27' title='bbox 134 391 292 428; x_wconf 85' lang='lat' dir='ltr'>Tartara</span> <span class='ocrx_word' id='word_1_28' title='bbox 321 390 462 426; x_wconf 90' lang='lat' dir='ltr'>habent</span> <span class='ocrx_word' id='word_1_29' title='bbox 490 390 613 427; x_wconf 84' lang='lat' dir='ltr'>tristes</span> <span class='ocrx_word' id='word_1_30' title='bbox 641 390 810 434; x_wconf 81' lang='lat' dir='ltr'>umbrae,</span> <span class='ocrx_word' id='word_1_31' title='bbox 841 391 907 428; x_wconf 91' lang='lat' dir='ltr'>sed</span> <span class='ocrx_word' id='word_1_32' title='bbox 937 403 1101 428; x_wconf 89' lang='lat' dir='ltr'>amoena</span> <span class='ocrx_word' id='word_1_33' title='bbox 1129 391 1281 440; x_wconf 90' lang='lat' dir='ltr'>piorum</span> 
     </span>
     <span class='ocr_line' id='line_1_6' title="bbox 134 448 1511 499; baseline -0.001 -12"><span class='ocrx_word' id='word_1_34' title='bbox 134 450 293 487; x_wconf 85' lang='lat' dir='ltr'>concilia</span> <span class='ocrx_word' id='word_1_35' title='bbox 321 449 571 498; x_wconf 84' lang='lat' dir='ltr'>Elysiumque</span> <span class='ocrx_word' id='word_1_36' title='bbox 601 449 699 486; x_wconf 92' lang='lat' dir='ltr'>colo.</span> <span class='ocrx_word' id='word_1_37' title='bbox 758 448 847 487; x_wconf 90' lang='lat' dir='ltr'>Huc</span> <span class='ocrx_word' id='word_1_38' title='bbox 876 457 980 487; x_wconf 87' lang='lat' dir='ltr'>casta</span> <span class='ocrx_word' id='word_1_39' title='bbox 1013 450 1153 499; x_wconf 83' lang='lat' dir='ltr'>Sibylla</span> <span class='ocrx_word' id='word_1_40' title='bbox 1453 463 1511 496; x_wconf 81' lang='lat'>735</span> 
     </span>
     <span class='ocr_line' id='line_1_7' title="bbox 133 507 1128 557; baseline 0 -12"><span class='ocrx_word' id='word_1_41' title='bbox 133 509 326 557; x_wconf 84' lang='lat' dir='ltr'>nigrarum</span> <span class='ocrx_word' id='word_1_42' title='bbox 354 508 474 544; x_wconf 86' lang='lat' dir='ltr'>multo</span> <span class='ocrx_word' id='word_1_43' title='bbox 504 507 697 556; x_wconf 83' lang='lat' dir='ltr'><strong>pecudum</strong></span> <span class='ocrx_word' id='word_1_44' title='bbox 723 514 759 545; x_wconf 90' lang='lat' dir='ltr'>te</span> <span class='ocrx_word' id='word_1_45' title='bbox 789 510 975 557; x_wconf 84' lang='lat' dir='ltr'>sanguine</span> <span class='ocrx_word' id='word_1_46' title='bbox 1005 509 1128 546; x_wconf 89' lang='lat' dir='ltr'>ducet.</span> 
     </span>
     <span class='ocr_line' id='line_1_8' title="bbox 133 567 1372 616; baseline 0 -12"><span class='ocrx_word' id='word_1_47' title='bbox 133 568 237 604; x_wconf 88' lang='lat' dir='ltr'>Turn</span> <span class='ocrx_word' id='word_1_48' title='bbox 265 579 386 616; x_wconf 85' lang='lat' dir='ltr'>genus</span> <span class='ocrx_word' id='word_1_49' title='bbox 415 579 531 604; x_wconf 90' lang='lat' dir='ltr'>omne</span> <span class='ocrx_word' id='word_1_50' title='bbox 559 574 667 604; x_wconf 90' lang='lat' dir='ltr'>tuum</span> <span class='ocrx_word' id='word_1_51' title='bbox 696 574 733 604; x_wconf 91' lang='lat' dir='ltr'>et</span> <span class='ocrx_word' id='word_1_52' title='bbox 761 580 861 616; x_wconf 86' lang='lat' dir='ltr'>quae</span> <span class='ocrx_word' id='word_1_53' title='bbox 890 568 1026 605; x_wconf 83' lang='lat' dir='ltr'>dentur</span> <span class='ocrx_word' id='word_1_54' title='bbox 1054 567 1209 605; x_wconf 90' lang='lat' dir='ltr'>moenia</span> <span class='ocrx_word' id='word_1_55' title='bbox 1239 567 1372 604; x_wconf 83' lang='lat' dir='ltr'><strong>disces.</strong></span> 
     </span>
     <span class='ocr_line' id='line_1_9' title="bbox 134 626 1252 676; baseline 0.001 -13"><span class='ocrx_word' id='word_1_56' title='bbox 134 627 293 676; x_wconf 88' lang='lat' dir='ltr'>Iamque</span> <span class='ocrx_word' id='word_1_57' title='bbox 321 626 431 672; x_wconf 81' lang='lat' dir='ltr'>vale3</span> <span class='ocrx_word' id='word_1_58' title='bbox 473 632 622 674; x_wconf 85' lang='lat' dir='ltr'>torquet</span> <span class='ocrx_word' id='word_1_59' title='bbox 650 626 801 664; x_wconf 88' lang='lat' dir='ltr'>medios</span> <span class='ocrx_word' id='word_1_60' title='bbox 830 626 920 663; x_wconf 88' lang='lat' dir='ltr'>Nox</span> <span class='ocrx_word' id='word_1_61' title='bbox 950 627 1081 664; x_wconf 89' lang='lat' dir='ltr'>umida</span> <span class='ocrx_word' id='word_1_62' title='bbox 1108 639 1252 672; x_wconf 88' lang='lat' dir='ltr'>cursus,</span> 
     </span>
     <span class='ocr_line' id='line_1_10' title="bbox 133 684 1092 733; baseline 0 -11"><span class='ocrx_word' id='word_1_63' title='bbox 133 692 169 722; x_wconf 93' lang='lat' dir='ltr'>et</span> <span class='ocrx_word' id='word_1_64' title='bbox 196 697 257 722; x_wconf 91' lang='lat' dir='ltr'>me</span> <span class='ocrx_word' id='word_1_65' title='bbox 286 697 419 722; x_wconf 89' lang='lat' dir='ltr'>saevus</span> <span class='ocrx_word' id='word_1_66' title='bbox 449 685 556 733; x_wconf 89' lang='lat' dir='ltr'>equis</span> <span class='ocrx_word' id='word_1_67' title='bbox 587 684 725 722; x_wconf 88' lang='lat' dir='ltr'>Oriens</span> <span class='ocrx_word' id='word_1_68' title='bbox 755 685 892 722; x_wconf 84' lang='lat' dir='ltr'>afflavit</span> <span class='ocrx_word' id='word_1_69' title='bbox 922 686 1092 723; x_wconf 90' lang='lat' dir='ltr'>anhelis.&#39;</span> 
     </span>
     <span class='ocr_line' id='line_1_11' title="bbox 132 744 1516 793; baseline -0.002 -11"><span class='ocrx_word' id='word_1_70' title='bbox 132 745 298 790; x_wconf 79' lang='lat' dir='ltr'>Dixerat,</span> <span class='ocrx_word' id='word_1_71' title='bbox 329 751 366 782; x_wconf 93' lang='lat' dir='ltr'>et</span> <span class='ocrx_word' id='word_1_72' title='bbox 394 751 527 781; x_wconf 88' lang='lat' dir='ltr'>tenues</span> <span class='ocrx_word' id='word_1_73' title='bbox 557 744 651 793; x_wconf 84' lang='lat' dir='ltr'>fugit</span> <span class='ocrx_word' id='word_1_74' title='bbox 680 757 750 782; x_wconf 91' lang='lat' dir='ltr'>ceu</span> <span class='ocrx_word' id='word_1_75' title='bbox 778 745 904 782; x_wconf 87' lang='lat' dir='ltr'>fumus</span> <span class='ocrx_word' id='word_1_76' title='bbox 934 746 972 782; x_wconf 89' lang='lat' dir='ltr'>in</span> <span class='ocrx_word' id='word_1_77' title='bbox 1003 758 1126 783; x_wconf 88' lang='lat' dir='ltr'>auras.</span> <span class='ocrx_word' id='word_1_78' title='bbox 1454 758 1516 790; x_wconf 86' lang='lat'>740</span> 
     </span>
     <span class='ocr_line' id='line_1_12' title="bbox 133 803 1246 854; baseline -0.001 -13"><span class='ocrx_word' id='word_1_79' title='bbox 133 805 285 841; x_wconf 84' lang='lat' dir='ltr'>Aeneas</span> <span class='ocrx_word' id='word_1_80' title='bbox 314 803 427 850; x_wconf 86' lang='lat' dir='ltr'>‘Quo</span> <span class='ocrx_word' id='word_1_81' title='bbox 457 803 593 840; x_wconf 88' lang='lat' dir='ltr'>deinde</span> <span class='ocrx_word' id='word_1_82' title='bbox 622 804 727 840; x_wconf 90' lang='lat' dir='ltr'>ruis?</span> <span class='ocrx_word' id='word_1_83' title='bbox 766 816 844 853; x_wconf 91' lang='lat' dir='ltr'>quo</span> <span class='ocrx_word' id='word_1_84' title='bbox 874 804 1074 853; x_wconf 85' lang='lat' dir='ltr'>proripis?’</span> <span class='ocrx_word' id='word_1_85' title='bbox 1114 804 1246 854; x_wconf 87' lang='lat' dir='ltr'>inquit,</span> 
     </span>
     <span class='ocr_line' id='line_1_13' title="bbox 133 864 1345 914; baseline 0 -12"><span class='ocrx_word' id='word_1_86' title='bbox 133 868 270 913; x_wconf 85' lang='lat' dir='ltr'>‘quem</span> <span class='ocrx_word' id='word_1_87' title='bbox 299 864 423 913; x_wconf 84' lang='lat' dir='ltr'>fugis?</span> <span class='ocrx_word' id='word_1_88' title='bbox 461 870 525 901; x_wconf 90' lang='lat' dir='ltr'>aut</span> <span class='ocrx_word' id='word_1_89' title='bbox 554 865 638 912; x_wconf 90' lang='lat' dir='ltr'>quis</span> <span class='ocrx_word' id='word_1_90' title='bbox 668 871 704 901; x_wconf 89' lang='lat' dir='ltr'>te</span> <span class='ocrx_word' id='word_1_91' title='bbox 733 865 872 902; x_wconf 90' lang='lat' dir='ltr'>nostris</span> <span class='ocrx_word' id='word_1_92' title='bbox 903 865 1169 914; x_wconf 82' lang='lat' dir='ltr'>complexibus</span> <span class='ocrx_word' id='word_1_93' title='bbox 1200 865 1345 902; x_wconf 88' lang='lat' dir='ltr'>arcet?&#39;</span> 
     </span>
     <span class='ocr_line' id='line_1_14' title="bbox 134 923 1252 972; baseline 0.002 -13"><span class='ocrx_word' id='word_1_94' title='bbox 134 923 244 961; x_wconf 90' lang='lat' dir='ltr'>Haec</span> <span class='ocrx_word' id='word_1_95' title='bbox 273 934 492 960; x_wconf 89' lang='lat' dir='ltr'>memorans</span> <span class='ocrx_word' id='word_1_96' title='bbox 521 923 687 960; x_wconf 86' lang='lat' dir='ltr'>cinerem</span> <span class='ocrx_word' id='word_1_97' title='bbox 717 929 754 960; x_wconf 92' lang='lat' dir='ltr'>et</span> <span class='ocrx_word' id='word_1_98' title='bbox 783 924 930 972; x_wconf 89' lang='lat' dir='ltr'>sopitos</span> <span class='ocrx_word' id='word_1_99' title='bbox 960 925 1114 961; x_wconf 90' lang='lat' dir='ltr'>suscitat</span> <span class='ocrx_word' id='word_1_100' title='bbox 1143 924 1252 972; x_wconf 84' lang='lat' dir='ltr'>ignes</span> 
     </span>
     <span class='ocr_line' id='line_1_15' title="bbox 132 981 1247 1031; baseline 0.002 -13"><span class='ocrx_word' id='word_1_101' title='bbox 132 982 460 1031; x_wconf 83' lang='lat' dir='ltr'>Pergameumque</span> <span class='ocrx_word' id='word_1_102' title='bbox 490 981 628 1019; x_wconf 83' lang='lat' dir='ltr'>Larem</span> <span class='ocrx_word' id='word_1_103' title='bbox 657 989 693 1019; x_wconf 90' lang='lat' dir='ltr'>et</span> <span class='ocrx_word' id='word_1_104' title='bbox 722 994 840 1019; x_wconf 86' lang='lat' dir='ltr'>canae</span> <span class='ocrx_word' id='word_1_105' title='bbox 869 984 1077 1031; x_wconf 87' lang='lat' dir='ltr'>penetralia</span> <span class='ocrx_word' id='word_1_106' title='bbox 1106 983 1247 1021; x_wconf 86' lang='lat' dir='ltr'>Vestae</span> 
     </span>
     <span class='ocr_line' id='line_1_16' title="bbox 133 1041 1512 1090; baseline 0 -12"><span class='ocrx_word' id='word_1_107' title='bbox 133 1042 228 1079; x_wconf 89' lang='lat' dir='ltr'>farre</span> <span class='ocrx_word' id='word_1_108' title='bbox 256 1042 320 1090; x_wconf 86' lang='lat' dir='ltr'>pio</span> <span class='ocrx_word' id='word_1_109' title='bbox 350 1049 386 1078; x_wconf 90' lang='lat' dir='ltr'>et</span> <span class='ocrx_word' id='word_1_110' title='bbox 416 1041 528 1090; x_wconf 90' lang='lat' dir='ltr'>plena</span> <span class='ocrx_word' id='word_1_111' title='bbox 557 1041 716 1090; x_wconf 83' lang='lat' dir='ltr'>supplex</span> <span class='ocrx_word' id='word_1_112' title='bbox 745 1049 945 1078; x_wconf 88' lang='lat' dir='ltr'>veneratur</span> <span class='ocrx_word' id='word_1_113' title='bbox 975 1054 1115 1079; x_wconf 90' lang='lat' dir='ltr'>acerra.</span> <span class='ocrx_word' id='word_1_114' title='bbox 1455 1054 1512 1087; x_wconf 84' lang='lat'>745</span> 
     </span>
     <span class='ocr_line' id='line_1_17' title="bbox 184 1101 1212 1150; baseline 0 -12"><span class='ocrx_word' id='word_1_115' title='bbox 184 1101 391 1149; x_wconf 85' lang='lat' dir='ltr'>Extemplo</span> <span class='ocrx_word' id='word_1_116' title='bbox 422 1101 548 1138; x_wconf 86' lang='lat' dir='ltr'>socios</span> <span class='ocrx_word' id='word_1_117' title='bbox 577 1101 818 1150; x_wconf 88' lang='lat' dir='ltr'>primumque</span> <span class='ocrx_word' id='word_1_118' title='bbox 848 1102 1003 1138; x_wconf 85' lang='lat' dir='ltr'>arcessit</span> <span class='ocrx_word' id='word_1_119' title='bbox 1033 1101 1212 1146; x_wconf 87' lang='lat' dir='ltr'>Acesten,</span> 
     </span>
     <span class='ocr_line' id='line_1_18' title="bbox 132 1160 1124 1209; baseline -0.001 -11"><span class='ocrx_word' id='word_1_120' title='bbox 132 1168 168 1198; x_wconf 89' lang='lat' dir='ltr'>et</span> <span class='ocrx_word' id='word_1_121' title='bbox 197 1160 298 1197; x_wconf 90' lang='lat' dir='ltr'>Iovis</span> <span class='ocrx_word' id='word_1_122' title='bbox 327 1160 526 1208; x_wconf 89' lang='lat' dir='ltr'>imperium</span> <span class='ocrx_word' id='word_1_123' title='bbox 556 1166 592 1197; x_wconf 84' lang='lat' dir='ltr'>et</span> <span class='ocrx_word' id='word_1_124' title='bbox 621 1160 696 1196; x_wconf 91' lang='lat' dir='ltr'>cari</span> <span class='ocrx_word' id='word_1_125' title='bbox 725 1167 931 1209; x_wconf 89' lang='lat' dir='ltr'>praecepta</span> <span class='ocrx_word' id='word_1_126' title='bbox 959 1161 1124 1209; x_wconf 81' lang='lat' dir='ltr'>parentis</span> 
     </span>
     <span class='ocr_line' id='line_1_19' title="bbox 132 1219 1153 1268; baseline 0 -11"><span class='ocrx_word' id='word_1_127' title='bbox 132 1220 266 1258; x_wconf 86' lang='lat' dir='ltr'>edocet</span> <span class='ocrx_word' id='word_1_128' title='bbox 295 1225 332 1256; x_wconf 88' lang='lat' dir='ltr'>et</span> <span class='ocrx_word' id='word_1_129' title='bbox 360 1231 459 1268; x_wconf 88' lang='lat' dir='ltr'>quae</span> <span class='ocrx_word' id='word_1_130' title='bbox 489 1231 593 1256; x_wconf 91' lang='lat' dir='ltr'>nunc</span> <span class='ocrx_word' id='word_1_131' title='bbox 622 1219 751 1256; x_wconf 89' lang='lat' dir='ltr'>animo</span> <span class='ocrx_word' id='word_1_132' title='bbox 781 1220 967 1256; x_wconf 87' lang='lat' dir='ltr'>sententia</span> <span class='ocrx_word' id='word_1_133' title='bbox 996 1226 1153 1257; x_wconf 90' lang='lat' dir='ltr'>constet.</span> 
     </span>
     <span class='ocr_line' id='line_1_20' title="bbox 132 1278 1197 1323; baseline 0 -7"><span class='ocrx_word' id='word_1_134' title='bbox 132 1279 250 1316; x_wconf 82' lang='lat' dir='ltr'>Haud</span> <span class='ocrx_word' id='word_1_135' title='bbox 279 1290 387 1315; x_wconf 88' lang='lat' dir='ltr'>mora</span> <span class='ocrx_word' id='word_1_136' title='bbox 417 1278 594 1323; x_wconf 84' lang='lat' dir='ltr'>consiliis,</span> <span class='ocrx_word' id='word_1_137' title='bbox 624 1290 694 1315; x_wconf 91' lang='lat' dir='ltr'>nec</span> <span class='ocrx_word' id='word_1_138' title='bbox 723 1278 823 1314; x_wconf 88' lang='lat' dir='ltr'>iussa</span> <span class='ocrx_word' id='word_1_139' title='bbox 852 1285 999 1315; x_wconf 83' lang='lat' dir='ltr'>recusat</span> <span class='ocrx_word' id='word_1_140' title='bbox 1027 1279 1197 1316; x_wconf 84' lang='lat' dir='ltr'>Acestes.</span> 
     </span>
     <span class='ocr_line' id='line_1_21' title="bbox 132 1338 1515 1386; baseline -0.003 -9"><span class='ocrx_word' id='word_1_141' title='bbox 132 1338 408 1377; x_wconf 84' lang='lat' dir='ltr'>Transcribunt</span> <span class='ocrx_word' id='word_1_142' title='bbox 437 1338 519 1374; x_wconf 91' lang='lat' dir='ltr'>urbi</span> <span class='ocrx_word' id='word_1_143' title='bbox 548 1343 686 1374; x_wconf 89' lang='lat' dir='ltr'>matres</span> <span class='ocrx_word' id='word_1_144' title='bbox 715 1338 977 1386; x_wconf 86' lang='lat' dir='ltr'>populumque</span> <span class='ocrx_word' id='word_1_145' title='bbox 1006 1338 1196 1376; x_wconf 88' lang='lat' dir='ltr'>volentem</span> <span class='ocrx_word' id='word_1_146' title='bbox 1453 1350 1515 1384; x_wconf 81' lang='lat'>750</span> 
     </span>
     <span class='ocr_line' id='line_1_22' title="bbox 131 1396 1138 1448; baseline -0.002 -11"><span class='ocrx_word' id='word_1_147' title='bbox 131 1399 338 1448; x_wconf 89' lang='lat' dir='ltr'>deponunt,</span> <span class='ocrx_word' id='word_1_148' title='bbox 369 1397 519 1434; x_wconf 88' lang='lat' dir='ltr'>animos</span> <span class='ocrx_word' id='word_1_149' title='bbox 548 1396 599 1432; x_wconf 90' lang='lat' dir='ltr'>nil</span> <span class='ocrx_word' id='word_1_150' title='bbox 628 1409 792 1445; x_wconf 79' lang='lat' dir='ltr'>magnae</span> <span class='ocrx_word' id='word_1_151' title='bbox 821 1396 941 1433; x_wconf 89' lang='lat' dir='ltr'>laudis</span> <span class='ocrx_word' id='word_1_152' title='bbox 970 1405 1138 1445; x_wconf 80' lang='lat' dir='ltr'>egentes.</span> 
     </span>
     <span class='ocr_line' id='line_1_23' title="bbox 131 1456 1249 1508; baseline -0.003 -12"><span class='ocrx_word' id='word_1_153' title='bbox 131 1459 209 1508; x_wconf 86' lang='lat' dir='ltr'>Ipsi</span> <span class='ocrx_word' id='word_1_154' title='bbox 238 1464 399 1495; x_wconf 87' lang='lat' dir='ltr'>transtra</span> <span class='ocrx_word' id='word_1_155' title='bbox 428 1462 572 1493; x_wconf 91' lang='lat' dir='ltr'>novant</span> <span class='ocrx_word' id='word_1_156' title='bbox 600 1456 842 1504; x_wconf 86' lang='lat' dir='ltr'>flammisque</span> <span class='ocrx_word' id='word_1_157' title='bbox 871 1456 1028 1492; x_wconf 87' lang='lat' dir='ltr'>ambesa</span> <span class='ocrx_word' id='word_1_158' title='bbox 1056 1463 1249 1505; x_wconf 90' lang='lat' dir='ltr'>reponunt</span> 
     </span>
     <span class='ocr_line' id='line_1_24' title="bbox 130 1515 1154 1566; baseline -0.004 -10"><span class='ocrx_word' id='word_1_159' title='bbox 130 1519 269 1556; x_wconf 89' lang='lat' dir='ltr'>robora</span> <span class='ocrx_word' id='word_1_160' title='bbox 296 1516 465 1564; x_wconf 83' lang='lat' dir='ltr'>navigiis,</span> <span class='ocrx_word' id='word_1_161' title='bbox 495 1522 627 1564; x_wconf 89' lang='lat' dir='ltr'>aptant</span> <span class='ocrx_word' id='word_1_162' title='bbox 656 1526 858 1563; x_wconf 90' lang='lat' dir='ltr'>remosque</span> <span class='ocrx_word' id='word_1_163' title='bbox 887 1515 1154 1566; x_wconf 88' lang='lat' dir='ltr'>rudentesque‚</span> 
     </span>
     <span class='ocr_line' id='line_1_25' title="bbox 131 1574 988 1625; baseline -0.004 -11"><span class='ocrx_word' id='word_1_164' title='bbox 131 1577 258 1625; x_wconf 85' lang='lat' dir='ltr'>exigui</span> <span class='ocrx_word' id='word_1_165' title='bbox 285 1587 457 1619; x_wconf 90' lang='lat' dir='ltr'>numero,</span> <span class='ocrx_word' id='word_1_166' title='bbox 487 1574 555 1611; x_wconf 91' lang='lat' dir='ltr'>sed</span> <span class='ocrx_word' id='word_1_167' title='bbox 583 1574 682 1611; x_wconf 93' lang='lat' dir='ltr'>bello</span> <span class='ocrx_word' id='word_1_168' title='bbox 713 1574 835 1610; x_wconf 90' lang='lat' dir='ltr'>vivida</span> <span class='ocrx_word' id='word_1_169' title='bbox 864 1575 988 1611; x_wconf 88' lang='lat' dir='ltr'>virtus.</span> 
     </span>
     <span class='ocr_line' id='line_1_26' title="bbox 130 1633 1510 1681; baseline -0.003 -7"><span class='ocrx_word' id='word_1_170' title='bbox 130 1638 281 1675; x_wconf 84' lang='lat' dir='ltr'>Interea</span> <span class='ocrx_word' id='word_1_171' title='bbox 308 1635 459 1672; x_wconf 88' lang='lat' dir='ltr'>Aeneas</span> <span class='ocrx_word' id='word_1_172' title='bbox 489 1634 622 1670; x_wconf 90' lang='lat' dir='ltr'>urbem</span> <span class='ocrx_word' id='word_1_173' title='bbox 652 1633 825 1681; x_wconf 84' lang='lat' dir='ltr'>designat</span> <span class='ocrx_word' id='word_1_174' title='bbox 854 1641 976 1670; x_wconf 91' lang='lat' dir='ltr'>aratro</span> <span class='ocrx_word' id='word_1_175' title='bbox 1452 1648 1510 1681; x_wconf 84' lang='lat'>755</span> 
     </span>
     <span class='ocr_line' id='line_1_27' title="bbox 130 1692 1297 1743; baseline -0.002 -10"><span class='ocrx_word' id='word_1_176' title='bbox 130 1697 356 1743; x_wconf 90' lang='lat' dir='ltr'>sortiturque</span> <span class='ocrx_word' id='word_1_177' title='bbox 386 1694 523 1731; x_wconf 90' lang='lat' dir='ltr'>domos</span> <span class='ocrx_word' id='word_1_178' title='bbox 540 1706 549 1739; x_wconf 88' lang='lat'>;</span> <span class='ocrx_word' id='word_1_179' title='bbox 590 1693 663 1730; x_wconf 91' lang='lat' dir='ltr'>hoc</span> <span class='ocrx_word' id='word_1_180' title='bbox 694 1692 805 1729; x_wconf 90' lang='lat' dir='ltr'>Ilium</span> <span class='ocrx_word' id='word_1_181' title='bbox 834 1700 872 1730; x_wconf 90' lang='lat' dir='ltr'>et</span> <span class='ocrx_word' id='word_1_182' title='bbox 900 1693 995 1730; x_wconf 89' lang='lat' dir='ltr'>haec</span> <span class='ocrx_word' id='word_1_183' title='bbox 1023 1693 1109 1731; x_wconf 90' lang='lat' dir='ltr'>loca</span> <span class='ocrx_word' id='word_1_184' title='bbox 1138 1694 1297 1731; x_wconf 83' lang='lat' dir='ltr'>Troiam</span> 
     </span>
     <span class='ocr_line' id='line_1_28' title="bbox 130 1751 1137 1800; baseline -0.004 -7"><span class='ocrx_word' id='word_1_185' title='bbox 130 1768 215 1793; x_wconf 88' lang='lat' dir='ltr'>esse</span> <span class='ocrx_word' id='word_1_186' title='bbox 244 1755 356 1791; x_wconf 89' lang='lat' dir='ltr'>iubet.</span> <span class='ocrx_word' id='word_1_187' title='bbox 415 1752 568 1790; x_wconf 87' lang='lat' dir='ltr'>Gaudet</span> <span class='ocrx_word' id='word_1_188' title='bbox 596 1764 717 1800; x_wconf 82' lang='lat' dir='ltr'>regno</span> <span class='ocrx_word' id='word_1_189' title='bbox 747 1751 939 1789; x_wconf 92' lang='lat' dir='ltr'>Troianus</span> <span class='ocrx_word' id='word_1_190' title='bbox 967 1753 1137 1797; x_wconf 88' lang='lat' dir='ltr'>Acestes,</span> 
     </span>
     <span class='ocr_line' id='line_1_29' title="bbox 129 1811 1141 1862; baseline -0.003 -11"><span class='ocrx_word' id='word_1_191' title='bbox 129 1814 338 1862; x_wconf 84' lang='lat' dir='ltr'>indicitque</span> <span class='ocrx_word' id='word_1_192' title='bbox 368 1812 494 1849; x_wconf 90' lang='lat' dir='ltr'>forum</span> <span class='ocrx_word' id='word_1_193' title='bbox 524 1818 560 1848; x_wconf 88' lang='lat' dir='ltr'>et</span> <span class='ocrx_word' id='word_1_194' title='bbox 589 1811 758 1859; x_wconf 88' lang='lat' dir='ltr'>patribus</span> <span class='ocrx_word' id='word_1_195' title='bbox 789 1811 852 1847; x_wconf 90' lang='lat' dir='ltr'>dat</span> <span class='ocrx_word' id='word_1_196' title='bbox 880 1812 960 1848; x_wconf 81' lang='lat' dir='ltr'>iura</span> <span class='ocrx_word' id='word_1_197' title='bbox 988 1812 1141 1848; x_wconf 83' lang='lat' dir='ltr'>vocatis.</span> 
     </span>
     <span class='ocr_line' id='line_1_30' title="bbox 131 1871 1092 1920; baseline -0.002 -10"><span class='ocrx_word' id='word_1_198' title='bbox 131 1874 235 1911; x_wconf 91' lang='lat' dir='ltr'>Tum</span> <span class='ocrx_word' id='word_1_199' title='bbox 264 1873 387 1910; x_wconf 86' lang='lat' dir='ltr'>vicina</span> <span class='ocrx_word' id='word_1_200' title='bbox 417 1872 526 1908; x_wconf 90' lang='lat' dir='ltr'>astris</span> <span class='ocrx_word' id='word_1_201' title='bbox 555 1871 721 1920; x_wconf 90' lang='lat' dir='ltr'>Erycino</span> <span class='ocrx_word' id='word_1_202' title='bbox 750 1871 789 1906; x_wconf 94' lang='lat' dir='ltr'>in</span> <span class='ocrx_word' id='word_1_203' title='bbox 817 1871 953 1907; x_wconf 88' lang='lat' dir='ltr'>vertice</span> <span class='ocrx_word' id='word_1_204' title='bbox 983 1872 1092 1908; x_wconf 90' lang='lat' dir='ltr'>sedes</span> 
     </span>
     <span class='ocr_line' id='line_1_31' title="bbox 130 1929 1509 1979; baseline -0.002 -8"><span class='ocrx_word' id='word_1_205' title='bbox 130 1934 307 1970; x_wconf 85' lang='lat' dir='ltr'>fundatur</span> <span class='ocrx_word' id='word_1_206' title='bbox 334 1932 477 1968; x_wconf 88' lang='lat' dir='ltr'>Veneri</span> <span class='ocrx_word' id='word_1_207' title='bbox 507 1930 659 1974; x_wconf 87' lang='lat' dir='ltr'>Idaliae,</span> <span class='ocrx_word' id='word_1_208' title='bbox 690 1929 912 1979; x_wconf 88' lang='lat' dir='ltr'>tumuloque</span> <span class='ocrx_word' id='word_1_209' title='bbox 942 1930 1120 1967; x_wconf 90' lang='lat' dir='ltr'>sacerdos</span> <span class='ocrx_word' id='word_1_210' title='bbox 1450 1937 1509 1978; x_wconf 87' lang='lat'>760</span> 
     </span>
     <span class='ocr_line' id='line_1_32' title="bbox 131 1988 960 2029; baseline -0.006 0"><span class='ocrx_word' id='word_1_211' title='bbox 131 2004 175 2029; x_wconf 86' lang='lat' dir='ltr'>ac</span> <span class='ocrx_word' id='word_1_212' title='bbox 203 1992 310 2028; x_wconf 87' lang='lat' dir='ltr'>lucus</span> <span class='ocrx_word' id='word_1_213' title='bbox 339 1991 412 2028; x_wconf 89' lang='lat' dir='ltr'>late</span> <span class='ocrx_word' id='word_1_214' title='bbox 442 2002 548 2027; x_wconf 89' lang='lat' dir='ltr'>sacer</span> <span class='ocrx_word' id='word_1_215' title='bbox 577 1989 725 2026; x_wconf 87' lang='lat' dir='ltr'>additur</span> <span class='ocrx_word' id='word_1_216' title='bbox 753 1988 960 2025; x_wconf 87' lang='lat' dir='ltr'>Anchiseo.</span> 
     </span>
     <span class='ocr_line' id='line_1_33' title="bbox 184 2048 1262 2098; baseline -0.001 -11"><span class='ocrx_word' id='word_1_217' title='bbox 184 2051 344 2098; x_wconf 93' lang='lat' dir='ltr'>Iamque</span> <span class='ocrx_word' id='word_1_218' title='bbox 374 2050 453 2086; x_wconf 88' lang='lat' dir='ltr'>dies</span> <span class='ocrx_word' id='word_1_219' title='bbox 483 2048 634 2097; x_wconf 90' lang='lat' dir='ltr'>epulata</span> <span class='ocrx_word' id='word_1_220' title='bbox 663 2059 803 2085; x_wconf 88' lang='lat' dir='ltr'>novem</span> <span class='ocrx_word' id='word_1_221' title='bbox 831 2060 926 2096; x_wconf 85' lang='lat' dir='ltr'>gens</span> <span class='ocrx_word' id='word_1_222' title='bbox 956 2049 1093 2093; x_wconf 87' lang='lat' dir='ltr'>omnis,</span> <span class='ocrx_word' id='word_1_223' title='bbox 1123 2055 1160 2085; x_wconf 87' lang='lat' dir='ltr'>et</span> <span class='ocrx_word' id='word_1_224' title='bbox 1189 2049 1262 2087; x_wconf 90' lang='lat' dir='ltr'>aris</span> 
     </span>
     <span class='ocr_line' id='line_1_34' title="bbox 130 2108 1183 2157; baseline -0.004 -10"><span class='ocrx_word' id='word_1_225' title='bbox 130 2111 251 2147; x_wconf 89' lang='lat' dir='ltr'>factus</span> <span class='ocrx_word' id='word_1_226' title='bbox 279 2109 431 2146; x_wconf 89' lang='lat' dir='ltr'>honos:</span> <span class='ocrx_word' id='word_1_227' title='bbox 472 2108 609 2157; x_wconf 88' lang='lat' dir='ltr'>placidi</span> <span class='ocrx_word' id='word_1_228' title='bbox 639 2113 848 2144; x_wconf 84' lang='lat' dir='ltr'>straverunt</span> <span class='ocrx_word' id='word_1_229' title='bbox 877 2118 1044 2155; x_wconf 89' lang='lat' dir='ltr'>aequora</span> <span class='ocrx_word' id='word_1_230' title='bbox 1073 2108 1183 2152; x_wconf 91' lang='lat' dir='ltr'>venti,</span> 
     </span>
     <span class='ocr_line' id='line_1_35' title="bbox 131 2166 1213 2216; baseline -0.004 -10"><span class='ocrx_word' id='word_1_231' title='bbox 131 2169 261 2206; x_wconf 93' lang='lat' dir='ltr'>creber</span> <span class='ocrx_word' id='word_1_232' title='bbox 289 2174 326 2204; x_wconf 91' lang='lat' dir='ltr'>et</span> <span class='ocrx_word' id='word_1_233' title='bbox 355 2168 526 2216; x_wconf 87' lang='lat' dir='ltr'>aspirans</span> <span class='ocrx_word' id='word_1_234' title='bbox 554 2178 681 2204; x_wconf 87' lang='lat' dir='ltr'>rursus</span> <span class='ocrx_word' id='word_1_235' title='bbox 710 2172 822 2203; x_wconf 85' lang='lat' dir='ltr'>vocat</span> <span class='ocrx_word' id='word_1_236' title='bbox 850 2166 989 2202; x_wconf 89' lang='lat' dir='ltr'>Auster</span> <span class='ocrx_word' id='word_1_237' title='bbox 1017 2166 1056 2202; x_wconf 91' lang='lat' dir='ltr'>in</span> <span class='ocrx_word' id='word_1_238' title='bbox 1085 2166 1213 2202; x_wconf 89' lang='lat' dir='ltr'>altum.</span> 
     </span>
     <span class='ocr_line' id='line_1_36' title="bbox 131 2224 1511 2276; baseline -0.001 -12"><span class='ocrx_word' id='word_1_239' title='bbox 131 2228 313 2264; x_wconf 82' lang='lat' dir='ltr'>Exoritur</span> <span class='ocrx_word' id='word_1_240' title='bbox 342 2238 528 2276; x_wconf 90' lang='lat' dir='ltr'>procurva</span> <span class='ocrx_word' id='word_1_241' title='bbox 556 2227 694 2275; x_wconf 84' lang='lat' dir='ltr'>ingens</span> <span class='ocrx_word' id='word_1_242' title='bbox 724 2237 791 2274; x_wconf 89' lang='lat' dir='ltr'>per</span> <span class='ocrx_word' id='word_1_243' title='bbox 820 2225 928 2262; x_wconf 92' lang='lat' dir='ltr'>litora</span> <span class='ocrx_word' id='word_1_244' title='bbox 956 2224 1087 2270; x_wconf 85' lang='lat' dir='ltr'>fletus;</span> <span class='ocrx_word' id='word_1_245' title='bbox 1452 2231 1511 2272; x_wconf 83' lang='lat'>765</span> 
     </span>
     <span class='ocr_line' id='line_1_37' title="bbox 130 2284 1220 2335; baseline -0.003 -12"><span class='ocrx_word' id='word_1_246' title='bbox 130 2286 323 2335; x_wconf 88' lang='lat' dir='ltr'>complexi</span> <span class='ocrx_word' id='word_1_247' title='bbox 352 2286 448 2322; x_wconf 87' lang='lat' dir='ltr'>inter</span> <span class='ocrx_word' id='word_1_248' title='bbox 476 2297 516 2322; x_wconf 91' lang='lat' dir='ltr'>se</span> <span class='ocrx_word' id='word_1_249' title='bbox 547 2291 777 2334; x_wconf 88' lang='lat' dir='ltr'>noctemque</span> <span class='ocrx_word' id='word_1_250' title='bbox 808 2284 984 2332; x_wconf 89' lang='lat' dir='ltr'>diemque</span> <span class='ocrx_word' id='word_1_251' title='bbox 1012 2291 1220 2320; x_wconf 88' lang='lat' dir='ltr'>morantur.</span> 
     </span>
     <span class='ocr_line' id='line_1_38' title="bbox 131 2343 1195 2395; baseline -0.005 -12"><span class='ocrx_word' id='word_1_252' title='bbox 131 2345 243 2395; x_wconf 85' lang='lat' dir='ltr'>Ipsae</span> <span class='ocrx_word' id='word_1_253' title='bbox 273 2346 346 2381; x_wconf 90' lang='lat' dir='ltr'>iam</span> <span class='ocrx_word' id='word_1_254' title='bbox 376 2351 525 2390; x_wconf 88' lang='lat' dir='ltr'>matres,</span> <span class='ocrx_word' id='word_1_255' title='bbox 556 2345 638 2393; x_wconf 86' lang='lat' dir='ltr'>ipsi,</span> <span class='ocrx_word' id='word_1_256' title='bbox 669 2344 806 2393; x_wconf 90' lang='lat' dir='ltr'>quibus</span> <span class='ocrx_word' id='word_1_257' title='bbox 835 2354 969 2391; x_wconf 86' lang='lat' dir='ltr'>aspera</span> <span class='ocrx_word' id='word_1_258' title='bbox 998 2343 1195 2391; x_wconf 87' lang='lat' dir='ltr'>quondam</span> 
     </span>
     <span class='ocr_line' id='line_1_39' title="bbox 132 2403 1078 2446; baseline -0.003 -5"><span class='ocrx_word' id='word_1_259' title='bbox 132 2406 209 2442; x_wconf 90' lang='lat' dir='ltr'>visa</span> <span class='ocrx_word' id='word_1_260' title='bbox 239 2404 353 2441; x_wconf 89' lang='lat' dir='ltr'>maris</span> <span class='ocrx_word' id='word_1_261' title='bbox 383 2404 498 2441; x_wconf 89' lang='lat' dir='ltr'>facies</span> <span class='ocrx_word' id='word_1_262' title='bbox 528 2410 565 2440; x_wconf 87' lang='lat' dir='ltr'>et</span> <span class='ocrx_word' id='word_1_263' title='bbox 594 2415 673 2440; x_wconf 93' lang='lat' dir='ltr'>non</span> <span class='ocrx_word' id='word_1_264' title='bbox 704 2403 896 2440; x_wconf 88' lang='lat' dir='ltr'>tolerabile</span> <span class='ocrx_word' id='word_1_265' title='bbox 925 2414 1078 2446; x_wconf 85' lang='lat' dir='ltr'>nomen,</span> 
     </span>
     <span class='ocr_line' id='line_1_40' title="bbox 132 2461 1154 2512; baseline -0.003 -12"><span class='ocrx_word' id='word_1_266' title='bbox 132 2465 185 2502; x_wconf 90' lang='lat' dir='ltr'>ire</span> <span class='ocrx_word' id='word_1_267' title='bbox 214 2464 346 2500; x_wconf 87' lang='lat' dir='ltr'>volunt</span> <span class='ocrx_word' id='word_1_268' title='bbox 376 2474 610 2512; x_wconf 88' lang='lat' dir='ltr'>omnemque</span> <span class='ocrx_word' id='word_1_269' title='bbox 640 2462 753 2512; x_wconf 87' lang='lat' dir='ltr'>fugae</span> <span class='ocrx_word' id='word_1_270' title='bbox 782 2461 945 2512; x_wconf 90' lang='lat' dir='ltr'>perferre</span> <span class='ocrx_word' id='word_1_271' title='bbox 974 2461 1154 2498; x_wconf 89' lang='lat' dir='ltr'>laborem.</span> 
     </span>
    </p>
   </div>
  </div>
 </body>
</html>
