1669 2737
559 79 726 114 LIBER
754 79 806 115 X.
839 73 1048 127 575-652.

115 188 169 226 vis
196 189 237 225 in
264 200 394 226 amore
423 187 540 226 foret!
584 200 665 226 non
693 187 770 225 hoc
798 187 892 225 mihi
922 199 1091 237 namque
1120 199 1291 237 negares,

115 248 371 297 omnipotens,
402 248 494 297 quin
523 254 560 285 et
589 259 743 297 pugnae
772 248 984 285 subducere
1015 247 1191 284 Turnum

115 313 152 345 et
180 306 320 344 Dauno
351 319 506 356 possem
534 307 767 344 incolumem
798 318 946 344 servare
976 307 1133 355 parenti.

115 365 231 403 Nunc
260 373 390 415 pereat
418 366 653 415 Teucrisque
684 365 750 415 pio
780 365 842 402 det
873 366 1061 414 sanguine
1092 377 1248 415 poenas.

116 425 184 463 Ille
212 432 342 463 tamen
371 433 501 463 nostra
531 426 683 463 deducit
713 425 860 473 origine
889 436 1034 462 nomen

117 483 406 535 (Pilumnusque
434 485 485 522 illi
513 491 668 534 quartus
698 484 835 533 pater),
863 490 900 520 et
929 491 993 520 tua
1021 484 1128 532 larga

117 555 232 593 saepe
261 556 378 582 manu
407 544 611 593 multisque
641 544 810 581 oneravit
838 543 969 580 limina
999 543 1136 581 donis.'

119 602 191 640 Cui
220 616 287 641 rex
316 603 469 641 aetherii
497 604 657 641 breviter
685 603 739 641 sic
768 603 864 640 fatur
894 602 1072 653 Olympi:

120 661 183 698 ‘Si
211 674 318 700 mora
346 663 555 712 praesentis
583 663 646 699 leti
675 669 903 711 tempusque
935 663 1082 700 caduco

119 728 247 758 oratur
274 721 399 758 iuveni
427 733 565 771 meque
594 721 669 758 hoc
698 721 749 758 ita
777 733 922 771 ponere
954 722 1082 766 sentis,

118 780 207 818 tolle
235 779 326 829 fuga
353 780 531 817 Turnum
561 787 674 829 atque
702 781 928 818 instantibus
958 782 1060 830 eripe
1091 780 1202 819 fatis:

119 839 304 877 hactenus
333 839 534 877 indulsisse
563 846 682 876 vacat.
741 839 808 876 Sin
839 840 948 876 altior
980 840 1058 876 istis

121 899 192 936 sub
220 899 395 947 precibus
423 900 536 936 venia
563 899 638 936 ulla
667 899 756 936 latet
785 905 984 947 totumque
1013 899 1157 936 moveri

121 959 303 995 mutarive
333 965 444 1008 putas
472 958 626 1004 bellum,
657 971 745 1007 spes
776 959 900 1007 pascis
930 957 1088 995 inanes.¹

120 1016 171 1054 Et
200 1017 299 1054 Iuno
329 1017 591 1055 allacrimans:
629 1017 756 1063 ‘Quid
785 1018 826 1063 si,
857 1030 955 1066 quae
983 1029 1077 1054 voce
1106 1018 1280 1065 gravaris,

121 1084 250 1114 mente
280 1076 390 1114 dares
419 1083 533 1125 atque
561 1076 656 1114 haec
686 1077 821 1114 Turno
852 1084 932 1113 rata
961 1077 1035 1113 vita
1065 1077 1259 1113 maneret?

123 1135 238 1173 Nunc
266 1141 397 1173 manet
424 1135 617 1172 insontem
646 1136 772 1184 gravis
803 1137 936 1180 exitus,
968 1144 1031 1173 aut
1061 1148 1134 1184 ego
1165 1136 1240 1172 veri

122 1208 220 1232 vana
249 1195 358 1232 feror.
418 1195 536 1241 Quod
564 1203 605 1232 ut
634 1207 658 1232 o
687 1195 818 1244 potius
849 1195 1050 1232 formidine
1080 1195 1173 1232 falsa

123 1255 232 1292 ludar
260 1261 297 1292 et
325 1256 365 1291 in
394 1254 527 1291 melius
557 1262 630 1298 tua,
663 1255 726 1303 qui
755 1263 878 1303 potes,
909 1266 996 1291 orsa
1024 1253 1234 1292 reflectasl'

124 1314 235 1351 Haec
264 1315 327 1350 ubi
357 1314 458 1351 dicta
486 1314 599 1358 dedit>
630 1315 735 1351 caelo
767 1326 806 1351 se
836 1315 1008 1362 protinus
1039 1314 1115 1351 alto

124 1374 236 1417 misit,
266 1385 385 1423 agens
413 1373 581 1410 hiemem
608 1374 741 1410 nimbo
770 1374 963 1410 succincta
992 1385 1059 1422 per
1088 1386 1210 1418 auras,

125 1434 359 1483 Iliacamque
387 1434 508 1471 aciem
537 1440 574 1471 et
603 1433 806 1471 Laurentia
834 1440 957 1471 castra
979 1434 1124 1482 petivit.

125 1493 231 1530 Tum
261 1493 334 1530 dea
362 1494 462 1530 nube
491 1505 583 1530 cava
611 1500 765 1531 tenuem
795 1494 875 1530 sine
904 1494 1043 1530 viribus
1073 1494 1250 1530 umbram

126 1553 165 1589 in
194 1552 328 1590 faciem
357 1552 513 1589 Aeneae
543 1551 640 1603 (visu
668 1553 838 1589 mirabile
867 1551 1098 1601 monstrum)

125 1612 327 1650 Dardaniis
357 1618 467 1649 ornat
494 1613 577 1649 telis
608 1612 849 1661 clipeumque
878 1612 1065 1661 iubasque

126 1673 241 1710 divini
270 1672 465 1709 assimulat
494 1672 637 1721 capitis,
670 1672 734 1709 dat
763 1672 891 1709 inania
919 1673 1044 1717 verba,

127 1732 192 1769 dat
220 1732 300 1769 sine
328 1739 458 1768 mente
486 1743 626 1768 sonum
655 1743 884 1780 gressusque
914 1732 1058 1780 effingit
1087 1733 1220 1779 euntis,

127 1798 248 1829 morte
277 1791 382 1828 obita
410 1792 542 1840 quales
571 1791 672 1828 fama
701 1798 757 1828 est
786 1791 938 1828 volitare
969 1791 1107 1840 figuras

127 1858 192 1888 aut
221 1863 319 1900 quae
349 1851 494 1900 sopitos
523 1850 705 1887 deludunt
734 1851 883 1888 somnia
912 1863 1057 1888 sensus.

127 1911 180 1948 At
207 1912 348 1959 primas
375 1910 473 1948 laeta
501 1917 588 1947 ante
619 1911 718 1948 acies
749 1911 910 1948 exsultat
939 1912 1068 1960 imago

128 1970 319 2019 irritatque
348 1970 469 2006 virum
499 1970 581 2007 telis
611 1976 647 2006 et
676 1982 770 2007 voce
800 1970 960 2007 lacessit.

129 2029 250 2067 Instat
279 2030 339 2066 cui
368 2029 523 2067 Turnus
552 2029 849 2078 stridentemque
879 2030 1028 2067 eminus
1057 2029 1206 2067 hastam

130 2089 303 2126 coniicit:
342 2089 404 2125 illa
433 2089 524 2126 dato
553 2090 660 2126 vertit
689 2089 847 2138 vestigia
875 2096 994 2137 tergo.

131 2149 236 2186 Tum
264 2160 351 2185 vero
381 2149 542 2185 Aenean
572 2161 746 2186 aversum
774 2155 815 2185 ut
844 2148 979 2185 cedere
1010 2148 1166 2186 Turnus

131 2207 288 2246 credidit
319 2214 430 2257 atque
461 2208 589 2245 animo
618 2220 727 2257 spem
756 2207 927 2244 turbidus
956 2207 1080 2245 hausit
1108 2210 1286 2247 inanem:

134 2267 247 2313 ‘Quo
277 2267 387 2316 fugis,
418 2268 576 2305 Aenea?
614 2268 803 2305 thalamos
832 2279 881 2304 ne
910 2267 1040 2305 desere
1069 2275 1203 2317 pactos
1220 2281 1229 2315 ;

131 2327 204 2365 hac
234 2327 381 2364 dabitur
410 2327 542 2364 dextra
570 2327 678 2364 tellus
708 2327 878 2375 quaesita
907 2339 975 2375 per
1003 2327 1148 2364 undas.’

133 2387 245 2424 Talia
272 2386 484 2423 vociferans
515 2386 682 2435 sequitur
711 2386 957 2435 strictumque
988 2395 1161 2424 coruscat

133 2457 360 2483 mucronem
388 2457 460 2483 nec
490 2445 585 2482 ferre
615 2445 713 2482 videt
743 2457 812 2482 sua
840 2445 979 2495 gaudia
1007 2453 1150 2484 ventos.

187 2520 273 2547 vor„
294 2519 317 2545 1.
787 2519 811 2545 U

1418 74 1498 126 289

1439 253 1500 292 615

1443 549 1506 580 620

1446 1141 1508 1180 630

1450 1739 1512 1782 640
