1669 2737
571 87 739 123 LIBER
767 87 824 123 II.
860 82 1067 138 146-223.

126 196 242 235 Hanc
270 203 399 236 tamen
428 196 656 235 immensam
687 196 851 235 Calchas
881 197 1050 235 attollere
1079 195 1223 234 molem

125 257 326 294 roboribus
355 256 466 293 textis
496 256 680 305 caeloque
710 257 870 294 educere
900 258 1018 301 iussit,

126 327 176 352 ne
204 315 319 364 recipi
348 316 468 364 portis
497 322 562 352 aut
591 316 679 353 duci
708 316 748 352 in
776 317 929 353 moenia
957 322 1088 365 posset

126 387 203 412 neu
230 375 419 423 populum
448 376 604 424 antiqua
634 375 704 412 sub
735 375 919 424 religione
949 376 1054 413 tueri.

125 433 229 471 Nam
258 435 289 471 si
316 442 440 472 vestra
468 447 606 472 manus
636 435 811 472 violasset
841 435 945 472 dona
974 434 1172 472 Minervae

123 499 206 530 tum
235 505 420 541 magnum
450 494 608 531 exitium
638 493 761 544 (quod
790 494 827 531 di
856 494 960 542 prius
990 506 1106 531 omen
1135 495 1176 530 in
1205 495 1331 542 ipsum

124 558 349 589 convertant
362 551 389 602 1)
427 552 566 589 Priami
594 552 755 602 imperio
786 552 1078 602 Phrygibusque
1108 553 1296 598 futurum;

125 611 183 649 sin
213 611 389 648 manibus
417 611 550 649 vestris
578 618 741 648 vestram
770 612 1005 649 ascendisset
1033 614 1072 649 in
1101 614 1246 658 urbem,

124 669 222 707 ultro
252 670 385 707 Asiam
413 682 558 720 magno
588 670 758 719 Pelopea
787 671 836 708 ad
865 672 1017 709 moenia
1046 671 1146 709 bello

125 737 334 776 venturam,
365 737 402 767 et
431 737 584 768 nostros
614 742 659 767 ea
687 730 762 767 fata
791 742 948 768 manere
978 731 1176 780 nepotes.''

179 789 363 827 ‘Talibus
391 789 536 827 insidiis
565 790 781 838 periurique
810 797 889 827 arte
921 790 1078 828 Sinonis

125 848 268 886 credita
294 860 366 894 res,
396 849 572 898 captique
602 849 698 886 dolis
728 849 968 898 lacrimisque
999 851 1152 895 coactis,

125 919 223 956 quos
251 919 377 957 neque
407 907 579 957 Tydides
608 920 679 945 nec
709 908 932 946 Larissaeus
961 909 1139 953 Achilles,

125 979 205 1005 non
233 967 323 1004 anni
353 967 536 1005 domuere
566 967 712 1012 decem,
743 980 824 1005 non
852 968 954 1006 mille
984 969 1145 1006 carinae.

181 1027 282 1065 ‘Hic
311 1027 413 1065 aliud
440 1028 561 1065 maius
591 1029 735 1065 miseris
764 1028 962 1078 multoque
991 1029 1233 1066 tremendum

126 1087 302 1124 obiicitur
329 1087 464 1136 magis,
495 1094 608 1135 atque
637 1087 849 1136 improvida
878 1095 1036 1137 pectora
1065 1089 1199 1126 turbat.

126 1146 326 1191 Laocoon,
356 1146 491 1184 ductus
522 1146 705 1195 Neptuno
735 1154 835 1184 sorte
865 1148 1056 1192 sacerdos,

127 1205 332 1243 sollemnes
359 1212 510 1242 taurum
539 1206 736 1255 ingentem
765 1207 957 1244 mactabat
986 1207 1035 1244 ad
1064 1220 1158 1245 aras.

125 1264 228 1303 Ecce
256 1272 382 1303 autem
410 1266 554 1314 gemini
583 1278 605 1302 a
633 1266 796 1303 Tenedo
825 1267 1027 1316 tranquilla
1055 1280 1121 1316 per
1150 1267 1234 1312 alta,

127 1324 324 1376 (horresco
352 1324 534 1376 referens)
563 1326 760 1363 immensis
791 1327 946 1363 orbibus
976 1339 1121 1376 angues

126 1385 354 1423 incumbunt
381 1385 531 1434 pelago,
561 1386 775 1434 pariterque
805 1386 853 1423 ad
883 1386 991 1423 litora
1019 1387 1181 1424 tendunt
1196 1400 1205 1433 ;

126 1451 283 1494 pectora
312 1455 474 1493 quorum
503 1445 600 1481 inter
628 1444 765 1482 fluctus
794 1452 936 1482 arrecta
964 1445 1153 1494 iubaeque

127 1505 361 1553 sanguineae
390 1511 568 1554 superant
596 1504 732 1549 undas,
762 1517 850 1554 pars
880 1512 1004 1542 cetera
1033 1514 1197 1554 pontum

127 1576 230 1614 pone
259 1563 350 1612 legit
379 1564 578 1613 sinuatque
606 1565 796 1601 immensa
824 1565 1018 1602 volumine
1047 1572 1164 1614 terga.

126 1623 187 1661 Fit
215 1623 361 1661 sonitus
389 1630 590 1672 spumante
620 1623 724 1669 salo;
763 1624 916 1672 iamque
946 1636 1034 1661 arva
1061 1625 1244 1662 tenebant

127 1682 381 1732 ardentesque
408 1683 541 1721 oculos
570 1683 718 1720 suffecti
748 1683 935 1732 sanguine
965 1690 1001 1720 et
1031 1683 1109 1732 igni

128 1743 237 1781 sibila
264 1743 484 1780 lambebant
512 1742 651 1792 linguis
681 1743 915 1780 vibrantibus
943 1754 1023 1780 ora.

127 1802 363 1851 Diffugimus
391 1803 474 1839 visu
504 1814 730 1852 exsangues.
788 1802 845 1839 Illi
872 1803 1027 1851 agmine
1056 1810 1160 1840 certo

127 1861 356 1901 Laocoonta
382 1868 541 1911 petunt:
580 1869 617 1899 et
645 1862 813 1910 primum
841 1874 957 1911 parva
987 1862 1150 1900 duorum

128 1933 291 1971 corpora
318 1927 496 1959 natorum
525 1933 682 1970 serpens
712 1920 912 1970 amplexus
940 1927 1100 1970 uterque

128 1981 298 2031 implicat
325 1988 363 2019 et
389 1981 551 2018 miseros
580 1992 713 2017 morsu
741 1980 957 2030 depascitur
984 1988 1085 2018 artus
1100 1994 1109 2026 ;

128 2047 217 2092 post
244 2042 372 2091 ipsum
400 2040 541 2078 auxilio
570 2040 798 2077 subeuntem
827 2052 872 2078 ac
902 2040 975 2077 tela
1004 2039 1189 2077 ferentem

129 2101 338 2150 corripiunt
365 2099 551 2149 spirisque
580 2098 699 2147 ligant
727 2098 958 2147 ingentibus,
990 2105 1027 2136 et
1056 2099 1131 2136 iam

128 2159 187 2197 bis
214 2159 384 2197 medium
412 2158 590 2208 amplexi,
619 2158 679 2195 bis
708 2157 807 2195 collo
838 2169 1020 2206 squamea
1049 2158 1191 2195 circum

129 2226 237 2270 terga
265 2219 342 2257 dati
370 2225 551 2269 superant
580 2219 702 2267 capite
731 2224 768 2255 et
797 2218 1002 2255 cervicibus
1031 2218 1125 2256 altis.

128 2278 198 2317 Ille
226 2279 338 2316 simul
365 2278 542 2316 manibus
571 2278 692 2315 tendit
720 2276 895 2314 divellere
924 2276 1051 2314 nodos

128 2337 303 2387 perfusus
331 2337 435 2375 sanie
462 2337 572 2375 vittas
601 2344 758 2385 atroque
787 2347 948 2381 veneno,

130 2397 316 2435 clamores
345 2396 457 2434 simul
484 2395 697 2434 horrendos
726 2394 775 2432 ad
805 2395 929 2432 sidera
959 2394 1064 2441 tollit,

131 2456 262 2506 quales
289 2456 468 2505 mugitus,
496 2454 592 2505 fugit
620 2467 709 2493 cum
739 2454 890 2492 saucius
919 2467 1024 2494 aram

1440 96 1517 137 109

1458 203 1516 242 185

1458 509 1517 540 190

1459 806 1516 838 195

1456 1106 1517 1127 200

1458 1704 1520 1725 210

1458 2000 1517 2031 ²¹5

1458 2296 1520 2317 220
