1669 2737
194 101 248 146 52
752 95 1038 133 GEORGJCA.

195 212 259 244 aut
288 206 488 244 coniurato
518 203 757 243 descendens
786 203 917 242 Dacus
946 206 994 242 ab
1024 204 1170 250 Histro,

196 278 275 304 non
303 278 363 303 res
396 265 599 302 Romanae
628 264 872 313 perituraque
901 276 1044 313 regna:
1087 276 1213 313 neque
1241 263 1302 301 ille

195 333 259 362 aut
289 325 409 362 doluit
437 325 625 361 miserans
653 324 811 372 inopem
841 329 906 360 aut
934 323 1066 361 invidit
1095 323 1259 360 habenti.

197 383 308 430 Quos
337 383 431 420 rami
459 382 614 428 fructus,
644 394 742 432 quos
772 383 854 431 ipsa
882 383 1047 419 volentia
1075 394 1160 420 rura

196 448 335 492 sponte
364 441 482 479 tulere
511 454 591 486 sua,
622 442 772 490 carpsit,
804 454 876 479 nec
905 441 1024 478 ferrea
1051 442 1132 478 iura

195 502 451 549 insanumque
481 500 608 538 forum
638 507 703 538 aut
732 501 863 550 populi
893 500 1075 538 tabularia
1103 499 1206 537 vidit.

199 560 410 598 Sollicitant
439 560 500 597 alii
529 561 642 598 remis
673 560 767 598 freta
801 572 929 605 caeca,
959 566 1148 609 ruuntque

196 620 235 656 in
263 619 416 665 ferrum,
446 626 648 668 penetrant
676 619 781 657 aulas
811 626 847 656 et
875 619 1006 656 limina
1034 630 1192 667 regum余

196 680 258 717 hic
287 679 381 728 petit
409 679 565 716 excidiis
594 680 729 716 urbem
758 679 994 727 miserosque
1024 684 1193 727 penates,

196 745 237 776 ut
265 750 420 788 gemma
448 738 554 775 bibat
584 745 620 776 et
652 738 817 775 Sarrano
848 738 1011 775 dormiat
1040 742 1174 782 ostro余

197 799 328 837 condit
358 810 452 847 opes
482 799 576 836 alius
607 798 840 848 defossoque
870 798 1024 835 incubat
1052 809 1168 837 auro:

197 859 258 897 hic
287 865 412 908 stupet
440 859 620 896 attonitus
649 859 803 905 rostris余
842 857 944 895 hunc
974 857 1128 906 plausus
1159 857 1328 893 hiantem

197 932 266 970 per
295 931 438 957 cuneos
467 920 683 968 geminatus
713 919 816 956 enim
845 917 1046 967 plebisque
1076 923 1305 966 patrumque

199 980 402 1028 corripuit余
441 979 609 1028 gaudent
637 979 779 1028 perfusi
810 978 996 1027 sanguine
1027 976 1195 1022 fratrum,

199 1040 409 1088 exsilioque
439 1040 578 1077 domos
607 1045 644 1076 et
673 1038 798 1076 dulcia
825 1038 956 1074 limina
984 1043 1135 1073 mutant

199 1105 313 1148 atque
342 1099 416 1136 alio
445 1099 605 1147 patriam
635 1104 823 1147 quaerunt
852 1098 922 1134 sub
953 1096 1032 1133 sole
1061 1097 1262 1133 iacentem.

199 1159 381 1209 Agricola
409 1159 567 1196 incurvo
597 1165 734 1196 terram
765 1158 923 1195 dimovit
952 1163 1100 1194 aratro:

199 1219 289 1257 hinc
318 1219 408 1255 anni
438 1218 556 1262 labor,
585 1217 675 1255 hinc
704 1219 865 1267 patriam
895 1228 1110 1265 parvosque
1140 1222 1300 1264 nepotes

201 1279 371 1322 sustinet,
401 1277 489 1314 hinc
519 1284 690 1314 armenta
718 1278 836 1314 bourn
866 1276 1098 1324 meritosque
1129 1276 1318 1312 iuvencos.

200 1350 274 1375 nec
302 1337 462 1386 requies,
493 1337 585 1385 quin
614 1343 679 1374 aut
707 1336 833 1386 pomis
863 1336 1046 1372 exuberet
1075 1346 1198 1371 annus

201 1404 267 1435 aut
295 1396 372 1434 fetu
401 1408 585 1445 pecorum
614 1402 679 1433 aut
709 1395 874 1433 Cerealis
903 1394 1062 1443 mergite
1092 1393 1217 1435 culmi,

202 1462 465 1506 proventuque
494 1460 627 1492 oneret
657 1454 785 1491 sulcos
815 1461 928 1502 atque
962 1453 1099 1490 horrea
1128 1453 1263 1488 vincat.

201 1515 320 1553 Venit
348 1514 519 1563 hiemps:
559 1515 688 1551 teritur
719 1513 899 1562 Sicyonia
926 1513 1022 1550 baca
1050 1511 1217 1560 trapetis,

203 1574 343 1625 glande
373 1585 460 1610 sues
490 1573 576 1610 laeti
606 1573 776 1617 redeunt,
809 1573 900 1609 dant
930 1572 1062 1609 arbuta
1091 1570 1229 1608 silvae:

203 1642 241 1672 et
268 1633 392 1670 varios
421 1632 531 1681 ponit
561 1632 658 1670 fetus
688 1638 907 1676 autumnus,
938 1638 974 1668 et
1003 1631 1076 1668 alte

202 1693 305 1731 mitis
334 1692 373 1728 in
402 1692 538 1741 apricis
569 1691 743 1740 coquitur
770 1690 960 1728 vindemia
993 1690 1106 1727 saxis.

204 1754 355 1791 Interea
384 1751 515 1789 dulces
544 1751 713 1801 pendent
743 1751 887 1788 circum
915 1749 1047 1787 oscula
1075 1749 1166 1793 nati,

204 1820 309 1851 casta
338 1811 560 1860 pudicitiam
590 1815 711 1847 servat
741 1809 891 1853 domus,
920 1809 1039 1845 ubera
1067 1819 1206 1846 vaccae

204 1872 326 1909 lactea
354 1871 568 1916 demittunt,
596 1871 837 1919 pinguesque
865 1869 904 1906 in
933 1869 1106 1917 gramine
1134 1868 1235 1905 laeto

204 1933 303 1969 inter
331 1943 372 1968 se
400 1930 568 1968 adversis
598 1929 786 1966 luctantur
814 1928 994 1965 cornibus
1023 1927 1147 1964 haedi.

206 1991 295 2040 Ipse
325 1990 404 2027 dies
434 1990 550 2039 agitat
579 1989 699 2026 festos
728 1989 910 2037 fususque
938 1999 1006 2036 per
1033 1986 1204 2031 herbam,

205 2050 305 2100 ignis
334 2050 398 2086 ubi
426 2049 467 2086 in
496 2049 626 2086 medio
655 2055 691 2086 et
721 2048 814 2086 socii
843 2052 987 2084 cratera
1016 2051 1215 2089 coronant,

205 2117 243 2147 te
272 2109 407 2154 libans,
438 2108 603 2153 Lenaee,
634 2114 755 2153 vocat,
784 2106 1008 2156 pecorisque
1037 2104 1226 2153 magistris

206 2169 347 2206 velocis
376 2168 486 2205 iaculi
516 2167 723 2205 certamina
750 2167 860 2216 ponit
887 2166 927 2202 in
955 2164 1072 2210 ulmo,

208 2239 445 2277 corporaque
474 2227 613 2276 agresti
642 2226 787 2263 nudant
815 2223 1002 2274 praedura
1029 2222 1252 2272 palaestrae.

208 2288 324 2325 Hanc
354 2288 445 2325 olim
474 2293 618 2324 veteres
647 2287 763 2323 vitam
792 2285 943 2322 coluere
973 2282 1114 2328 Sabini,

209 2347 308 2384 hanc
338 2346 485 2384 Remus
514 2353 551 2383 et
580 2346 701 2390 frater,
732 2345 785 2382 sic
814 2343 921 2381 fortis
949 2341 1100 2379 Etruria
1128 2340 1246 2377 crevit

211 2406 354 2444 scilicet
383 2412 419 2442 et
448 2417 573 2442 rerum
604 2405 702 2442 facta
731 2410 788 2441 est
817 2402 1072 2452 pulcherrima
1100 2400 1241 2444 Roma,

213 2472 440 2515 septemque
468 2477 545 2503 una
574 2465 644 2502 sibi
673 2474 783 2501 muro
812 2460 1060 2500 circumdedit
1088 2470 1206 2497 arces.

1526 394 1590 427 500

1526 688 1588 723 505

1526 989 1591 1021 510

1529 1287 1591 1319 515

1531 1879 1595 1912 525

1535 2174 1600 2207 530

1535 2469 1598 2503 535
