1669 2737
557 83 723 118 LIBER
759 82 866 119 νηί.
897 76 923 115 6
928 75 1038 126 8-14
1041 86 1080 129 5.

131 192 184 230 Ut
212 193 332 231 celsas
361 191 486 230 videre
517 198 615 229 rates
643 197 758 240 atque
787 190 884 227 inter
913 200 1079 238 opacum

131 252 243 289 allabi
271 264 406 290 nemus
435 258 473 289 et
501 251 635 288 tacitos
662 250 884 288 incumbere
912 248 1039 293 remis,

130 319 317 350 terrentur
345 312 426 348 visu
456 311 581 349 subito
611 310 813 358 cunctique
842 309 979 346 relictis

131 378 368 421 consurgunt
394 371 549 408 mensis.
606 369 743 407 Audax
773 381 870 418 quos
899 380 1074 417 rumpere
1104 367 1226 406 Pallas

132 442 238 469 sacra
265 437 363 468 vetat
390 436 576 478 raptoque
604 429 704 466 volat
732 429 808 466 telo
837 428 971 465 obvius
1000 428 1082 476 ipse

130 497 168 528 et
195 491 328 540 procul
356 503 377 528 e
406 490 553 527 tumulo
583 488 778 534 ‘Iuvenes‚
811 500 909 537 quae
938 499 1053 524 causa
1082 487 1232 536 subegit

130 549 282 598 ignotas
311 555 496 598 temptare
525 548 632 585 vias?
675 559 752 596 quo
781 545 975 584 tenditis?'
1007 547 1138 595 inquit.

133 607 231 654 ‘Qui
259 609 406 657 genus?
444 607 546 645 unde
575 607 719 644 domo?
758 618 944 655 pacemne
972 605 1046 642 huc
1076 604 1178 641 fertis
1208 616 1257 640 an
1287 602 1431 640 arma?'

132 666 235 703 Tum
264 673 370 716 pater
397 666 549 703 Aeneas
577 666 698 714 puppi
727 665 780 703 sic
810 665 907 702 fatur
937 665 984 701 ab
1015 664 1088 700 alta

130 725 393 774 paciferaeque
420 736 537 762 manu
566 736 712 761 ramum
742 723 958 773 praetendit
987 722 1133 759 olivae:

132 783 396 832 ‘Troiugenas
425 795 469 820 ac
497 783 571 820 tela
599 783 703 820 vides
733 783 887 820 inimica
916 782 1071 826 Latinis,

131 855 228 893 quos
256 844 307 880 illi
337 843 435 880 bello
464 842 649 892 profugos
679 855 790 892 egere
820 843 998 891 superbo.

129 903 349 941 Evandrum
376 903 552 953 petimus.
610 903 721 940 Ferte
750 903 844 940 haec
873 909 910 939 et
940 902 1050 939 dicite
1081 901 1199 939 lectos

129 963 347 1001 Dardaniae
375 963 524 1000 venisse
553 962 670 1000 duces
700 963 804 1000 socia
834 973 938 999 arma
968 961 1171 1010 rogantes?

130 1022 339 1071 Obstupuit
366 1028 474 1059 tanto
503 1033 706 1071 percussus
736 1021 893 1058 nomine
923 1020 1068 1057 Pallas:

131 1081 345 1131 ‘Egredere
374 1093 398 1118 o
427 1081 657 1130 quicumque
686 1080 748 1118 es'
779 1081 830 1117 ait
859 1083 867 1098 ‘
886 1092 1093 1128 coramque
1122 1087 1321 1128 parentem

130 1140 335 1189 Alloquere
364 1152 409 1177 ac
438 1140 576 1177 nostris
605 1139 767 1177 succede
796 1140 998 1189 penatibus
1027 1138 1170 1187 hospes
1188 1138 1214 1183 ;’

130 1200 356 1249 excepitque
384 1211 502 1236 manu
531 1199 781 1248 dextramque
810 1199 1008 1247 amplexus
1037 1198 1208 1235 inhaesit.

129 1258 322 1308 progressi
351 1258 515 1295 subeunt
543 1257 630 1295 luco
659 1258 892 1306 fluviumque
921 1257 1146 1306 relinquunt.

184 1317 289 1354 Tum
318 1329 449 1366 regern
477 1317 630 1354 Aeneas
661 1317 769 1355 dictis
797 1317 933 1354 affatur
962 1317 1117 1353 amicis:

131 1376 310 1427 ‘Optime
339 1376 613 1425 Graiugenum,
644 1377 704 1414 cui
733 1389 795 1413 me
824 1376 992 1413 Fortuna
1019 1376 1166 1425 precari

130 1446 167 1476 et
194 1438 284 1475 vitta
313 1446 488 1487 comptos
516 1437 633 1475 voluit
661 1436 908 1485 praetendere
936 1441 1074 1481 ramos,

130 1509 210 1534 non
238 1497 417 1546 equidem
445 1497 612 1541 extimui,
642 1495 822 1533 Danaum
850 1495 956 1544 quod
985 1494 1118 1532 ductor
1147 1501 1185 1532 et
1215 1495 1334 1534 Arcas

130 1555 312 1606 quodque
339 1567 362 1593 a
390 1555 504 1604 stirpe
533 1555 634 1592 fores
664 1555 827 1603 geminis
857 1555 1086 1591 coniunctus
1116 1554 1280 1601 Atridis3

130 1615 199 1654 sed
226 1627 314 1652 mea
341 1627 405 1652 me
434 1616 550 1653 virtus
579 1620 616 1652 et
645 1620 777 1652 sancta
806 1613 960 1651 oracula
988 1613 1116 1650 divum

130 1674 361 1723 cognatique
389 1680 527 1723 patres,
557 1681 622 1711 tua
649 1674 756 1711 terris
785 1673 902 1710 didita
930 1672 1042 1719 fama,

130 1735 362 1773 coniunxere
390 1734 457 1772 tibi
486 1740 523 1772 et
550 1733 635 1771 fatis
664 1745 777 1782 egere
805 1733 1007 1770 volentem.

129 1792 344 1838 Dardanus,
374 1792 511 1831 Iliacae
539 1793 683 1842 primus
713 1798 819 1841 pater
846 1791 949 1829 urbis
978 1797 1015 1829 et
1044 1799 1187 1837 auctor,

129 1851 290 1897 Electra,
318 1858 360 1889 ut
389 1851 494 1889 Graii
521 1851 731 1901 perhibent,
762 1850 958 1888 Atlantide
987 1857 1122 1895 cretus,

131 1910 326 1948 advehitur
354 1910 555 1957 Teucros;
593 1910 785 1948 Electram
813 1910 1005 1947 maximus
1035 1910 1144 1947 Atlas

131 1969 258 2015 edidit,
288 1969 477 2008 aetherios
505 1982 638 2008 umero
667 1970 732 2019 qui
763 1969 922 2007 sustinet
951 1969 1073 2006 orbes.

130 2029 254 2066 Vobis
282 2028 496 2067 Mercurius
524 2035 631 2078 pater
659 2035 725 2074 est,
756 2041 872 2077 quem
902 2027 1065 2065 candida
1093 2027 1198 2065 Maia

132 2087 311 2137 Cyllenae
339 2088 466 2137 gelido
494 2094 726 2138 conceptum
754 2087 890 2124 vertice
920 2086 1036 2132 fudit;

131 2154 169 2186 at
197 2147 355 2193 Maiam,
384 2148 521 2185 auditis
551 2148 582 2185 si
611 2148 817 2196 quicquam
846 2146 1047 2190 credimus,
1076 2145 1195 2192 Atlas,

131 2207 234 2244 idem
262 2206 370 2244 Atlas
399 2213 567 2255 generat,
599 2205 692 2244 caeli
721 2206 786 2255 qui
816 2204 939 2242 sidera
968 2205 1075 2242 tollit.

133 2267 194 2305 Sic
222 2278 342 2316 genus
370 2267 571 2304 amborum
601 2265 738 2304 scindit
767 2276 807 2302 se
836 2264 1022 2313 sanguine
1052 2265 1100 2301 ab
1127 2278 1218 2303 uno.

133 2325 208 2363 His
236 2325 352 2362 fretus
380 2337 460 2362 non
488 2325 635 2375 legatos
663 2336 789 2374 neque
817 2324 939 2372 prima
967 2336 1036 2373 per
1064 2331 1183 2361 artem

131 2391 406 2434 temptamenta
435 2385 487 2422 tui
514 2385 664 2434 pepigi:
706 2396 780 2428 me,
809 2395 872 2420 me
900 2384 983 2433 ipse
1012 2395 1218 2434 meumque

133 2444 256 2482 obieci
285 2449 398 2494 caput
426 2450 463 2482 et
491 2444 652 2493 supplex
681 2443 730 2481 ad
758 2443 889 2480 limina
917 2443 1014 2481 veni.

1432 85 1454 113 m

1460 86 1482 127 bo

1487 80 1512 124 01

1453 380 1512 402 110

1451 677 1508 707 1¹5

1453 976 1511 998 120

1452 1274 1508 1304 125

1453 2165 1514 2195 140

1453 2461 1509 2492 145
