1669 2737
496 80 710 116 ECLOGA
750 81 835 116 νη.
866 81 1092 128 35-VJJJ.
1126 84 1194 130 35·
1488 85 1536 126 ¹7

604 316 913 359 ECLOGA
954 317 1082 357 VIII.

150 431 364 471 PASTORUM
393 443 542 469 musam
574 431 765 468 Damonis
795 437 832 468 et
862 430 1122 480 Alphesiboei,

149 490 352 528 immemor
381 490 585 527 herbarum
615 502 713 539 quos
742 497 799 527 est
829 490 962 526 mirata
991 490 1151 526 iuvenca

149 556 346 595 certantes,
378 561 540 598 quorum
570 549 805 598 stupefactae
834 549 1002 585 carmine
1032 548 1173 597 lynceS,

148 615 185 645 et
213 615 358 645 mutata
387 620 479 645 suos
506 608 724 656 requierunt
753 608 911 644 flumina
940 620 1082 653 cursus,

148 667 336 705 Damonis
366 680 517 705 musam
547 668 718 705 dicemus
749 674 785 704 et
814 667 1077 716 Alphesiboei.
1521 685 1536 715 5

203 726 266 764 Tu
295 727 398 772 mihi,
429 739 497 764 seu
525 727 656 775 magni
685 738 842 775 superas
872 727 949 762 iam
981 737 1073 763 saxa
1103 726 1263 772 Timavi,

148 785 225 823 sive
255 798 362 823 oram
392 785 527 835 Illyrici
557 785 977 835 legis'aequoris—en
1007 786 1075 823 erit
1105 798 1289 835 umquam

148 845 208 882 ille
237 844 328 889 dies,
357 844 450 881 mihi
479 856 568 881 cum
597 845 707 881 liceat
736 852 801 882 tua
832 845 957 881 dicere
987 844 1114 882 facta?

146 903 208 940 En
237 904 305 941 erit
333 909 374 940 ut
402 902 512 940 liceat
540 910 662 939 totum
691 903 784 939 mihi
813 903 908 940 ferre
938 916 1006 952 per
1035 905 1169 941 orbem

147 963 227 1010 sola
257 962 475 1012 Sophocleo
506 969 570 999 tua
599 963 768 1000 carmina
798 962 915 1011 digna
946 963 1160 1000 cothurno?
1500 980 1537 1001 10

146 1023 182 1059 A
211 1029 247 1059 te
275 1022 513 1071 principium,
546 1023 611 1059 tibi
643 1023 799 1059 desinet.
857 1023 1002 1071 Accipe
1032 1023 1142 1059 iussis

146 1082 314 1118 carmina
344 1088 482 1130 coepta
511 1081 594 1126 tuis,
624 1089 737 1130 atque
767 1081 868 1118 hanc
898 1082 978 1118 sine
1010 1087 1184 1130 tempora
1213 1081 1356 1119 circum

145 1141 240 1178 inter
267 1140 436 1177 victrices
466 1139 647 1177 hederam
677 1141 742 1177 tibi
772 1152 922 1189 serpere
950 1140 1089 1177 laurus.

198 1200 351 1248 Frigida
380 1199 441 1235 vix
472 1199 578 1236 caelo
610 1199 733 1236 noctis
764 1199 976 1236 decesserat
1005 1200 1149 1244 umbra,

144 1271 233 1296 cum
262 1271 324 1296 ros
355 1259 393 1295 in
422 1266 553 1296 tenera
582 1259 710 1308 pecori
740 1259 974 1307 gratissimus
1003 1259 1145 1296 herba:
1497 1276 1532 1307 15

145 1319 372 1356 incumbens
402 1319 509 1356 tereti
538 1318 694 1356 Damon
725 1320 778 1356 sic
808 1319 935 1367 coepit
963 1319 1095 1357 olivae.

196 1378 249 1414 D.
281 1378 484 1423 ‘Nascere,
516 1391 682 1427 praeque
712 1378 813 1416 diem
842 1378 999 1415 veniens
1027 1390 1111 1427 age,
1141 1377 1302 1423 Lucifer,
1334 1379 1488 1425 almum,

143 1438 320 1487 coniugis
348 1438 508 1487 indigno
539 1437 669 1486 Nysae
700 1438 884 1486 deceptus
913 1439 1043 1475 amore

143 1497 235 1534 dum
265 1508 414 1546 queror,
444 1504 481 1534 et
510 1496 628 1542 divos,
659 1509 894 1546 quamquam
924 1497 974 1534 nil
1004 1498 1159 1535 testibus
1189 1498 1259 1536 illis

141 1557 297 1606 profeci,
327 1564 497 1594 extrema
525 1558 692 1595 moriens
724 1564 854 1594 tamen
883 1558 1071 1607 adloquar
1101 1558 1205 1595 hora.
1496 1575 1536 1596 20

196 1618 328 1667 Incipe
358 1617 573 1655 Maenalios
602 1630 766 1663 mecum,
796 1630 882 1655 mea
911 1618 1013 1663 tibia,
1043 1630 1181 1656 versus.

142 1675 345 1715 Maenalus
369 1684 622 1726 argutumque
653 1690 788 1715 nemus
816 1679 1006 1727 pinosque
1034 1677 1236 1727 loquentes

142 1747 293 1785 semper
318 1736 458 1783 habet;
499 1749 650 1786 semper
678 1744 877 1786 pastorum
907 1737 966 1774 ille
995 1738 1099 1774 audit
1130 1749 1281 1775 amores

141 1794 336 1844 Panaque,
367 1795 431 1845 qui
459 1796 601 1845 primus
631 1796 800 1834 calamos
830 1809 910 1834 non
938 1809 1075 1846 passus
1103 1797 1252 1834 inertes.

195 1854 328 1902 Incipe
359 1854 575 1892 Maenalios
604 1868 768 1900 mecum,
798 1868 886 1893 mea
913 1856 1015 1901 tibia,
1046 1868 1187 1893 versus.
1493 1872 1530 1903 25

139 1911 284 1962 Mopso
314 1912 422 1962 Nysa
451 1913 582 1952 datur:
625 1915 716 1964 quid
745 1927 825 1952 non
856 1927 1052 1964 speremus
1082 1914 1282 1951 amantes?

139 1972 351 2022 Iungentur
378 1974 455 2010 iam
484 1986 623 2023 grypes
652 1975 770 2023 equis,
802 1987 974 2023 aevoque
1005 1974 1178 2023 sequenti

139 2044 228 2070 curn
257 2033 414 2079 canibus
441 2033 562 2071 timidi
590 2034 743 2071 venient
772 2035 821 2072 ad
850 2034 990 2083 pocula
1019 2034 1209 2071 dammae.

138 2092 291 2141 Mopse,
321 2105 440 2130 novas
464 2093 589 2131 incide
618 2093 744 2131 faces:
786 2094 852 2130 tibi
883 2094 1031 2131 ducitur
1059 2106 1177 2136 uxor:

139 2163 285 2201 sparge,
316 2153 461 2198 marite,
491 2165 633 2191 nuces:
669 2153 735 2190 tibi
765 2153 901 2190 deserit
931 2153 1128 2201 Hesperus
1158 2153 1310 2191 Oetam.
1485 2170 1528 2200 30

192 2211 324 2260 Incipe
355 2211 570 2249 Maenalios
599 2225 763 2256 mecum,
794 2225 880 2248 mea
909 2212 1010 2257 tibia,
1040 2224 1178 2251 versus,

139 2269 175 2309 O
206 2271 322 2319 digno
353 2272 558 2309 coniuncta
586 2273 676 2317 viro,
706 2272 796 2308 dum
827 2272 989 2320 despicis
1018 2284 1163 2317 omnes,

138 2329 306 2378 dumque
336 2330 402 2366 tibi
431 2337 488 2368 est
517 2331 608 2368 odio
638 2343 724 2368 mea
755 2331 877 2367 fistula
907 2331 1075 2380 dumque
1105 2331 1272 2381 capellae

137 2388 395 2438 hirsutumque
425 2391 663 2438 supercilium
691 2391 954 2439 promissaque
985 2391 1111 2436 barba,

137 2459 209 2484 nec
238 2460 367 2486 curare
398 2449 512 2486 deum
542 2450 661 2488 credis
691 2449 865 2487 mortalia
894 2462 1135 2499 quemquam.
1482 2465 1520 2497 35

190 2521 276 2549 voL.
298 2522 323 2548 1.
815 2523 837 2551 C
