1669 2737
158 72 182 113 3
191 72 207 98 1
216 58 238 98 8
733 61 954 97 AENEIS.

157 172 215 208 Ac
243 169 343 208 velut
371 169 442 215 ille,
472 168 576 219 prius
605 181 721 219 quam
749 169 824 207 tela
851 169 1003 206 inimica
1032 175 1248 217 sequantur,

158 231 342 267 continuo
371 230 410 266 in
438 236 590 266 montes
619 242 702 267 sese
731 230 835 266 avius
863 229 1007 266 abdidit
1035 228 1131 265 altos

159 291 288 327 occiso
316 296 468 338 pastore
497 289 608 338 lupus
636 301 824 338 magnove
853 289 1026 333 iuvenco,

159 349 335 386 conscius
365 348 518 385 audacis
548 348 647 393 facti,
678 348 915 397 caudamque
944 347 1158 384 remulcens

159 408 317 445 subiecit
343 407 573 456 pavitantem
602 413 708 444 utero
738 408 923 456 silvasque
952 407 1106 456 petivit:

158 466 260 503 haud
290 477 399 503 secus
427 478 474 502 ex
503 466 622 503 oculis
652 478 692 503 se
720 467 890 503 turbidus
920 466 1071 502 abstulit
1099 465 1244 502 Arruns

159 531 437 574 contentusque
467 524 556 573 fuga
584 526 721 562 mediis
751 537 792 562 se
821 525 1025 562 immiscuit
1055 525 1179 561 armis.

158 585 227 622 Illa
255 597 371 622 manu
399 585 566 621 moriens
591 584 708 620 telum
737 585 857 629 trahit,
888 597 976 622 ossa
1005 584 1072 621 sed
1100 584 1196 621 inter

158 644 299 681 ferreus
328 643 376 680 ad
405 650 531 680 costas
560 642 636 679 alto
665 649 736 679 stat
764 643 917 680 vulnere
946 654 1102 680 mucro:

157 703 292 741 labitur
320 703 533 750 exsanguis,
562 702 735 738 labuntur
763 701 898 749 frigida
926 702 999 739 leto

158 762 312 807 lumina,
340 772 553 810 purpureus
581 760 776 809 quondam
805 760 909 797 color
936 772 1002 797 ora
1030 760 1188 808 reliquit.

158 821 263 857 Tum
292 821 344 858 sic
374 820 570 868 exspirans
599 820 745 857 Accam
774 832 819 856 ex
848 820 1067 868 aequalibus
1096 832 1213 857 unam

158 880 359 928 alloquitur
387 878 503 915 fidam
532 884 618 915 ante
648 878 748 919 alias,
779 890 876 927 quae
905 879 987 916 sola
1016 877 1208 924 Camillae,

158 939 312 987 quicum
341 938 466 986 partiri
495 949 627 984 curas;
666 944 780 986 atque
810 937 903 975 haec
931 937 982 974 ita
1010 937 1128 974 fatur:

158 997 392 1042 ‘Hactenus‚
422 997 528 1034 Acca
557 1008 674 1041 soror,
703 997 831 1045 potui:
872 1009 974 1034 nunc
1003 995 1138 1033 vulnus
1167 996 1348 1034 acerbum

157 1056 321 1101 conficit,
351 1062 387 1093 et
415 1056 580 1093 tenebris
609 1056 827 1103 nigrescunt
855 1056 986 1093 omnia
1015 1056 1168 1093 circum.

156 1115 294 1163 Effuge
324 1121 360 1151 et
388 1114 483 1151 haec
512 1114 646 1151 Turno
676 1114 856 1151 mandata
884 1116 1090 1152 novissima
1118 1114 1262 1163 perfer:

157 1173 335 1211 succedat
363 1185 516 1221 pugnae
545 1172 810 1221 Troianosque
839 1180 962 1210 arceat
990 1176 1093 1211 urbe.

156 1233 316 1282 Iamque
344 1233 450 1270 vale.'
510 1232 629 1269 Simul
657 1233 714 1270 his
745 1233 852 1270 dictis
880 1233 1074 1282 linquebat
1102 1234 1284 1279 habenas,

157 1292 206 1329 ad
233 1298 371 1329 terram
399 1303 478 1328 non
508 1302 645 1340 sponte
674 1292 807 1329 fluens.
865 1291 969 1328 Tum
999 1292 1134 1341 frigida
1163 1300 1244 1330 toto

156 1351 336 1400 paulatim
367 1351 525 1388 exsolvit
554 1362 595 1388 se
624 1362 784 1399 corpore
812 1350 989 1400 lentaque
1019 1352 1116 1388 colla

157 1416 193 1446 et
223 1415 375 1457 captum
405 1409 479 1446 leto
509 1410 636 1458 posuit
665 1415 791 1458 caput,
822 1421 926 1446 arma
955 1409 1182 1459 relinquens,

155 1469 304 1517 vitaque
334 1480 421 1504 curn
451 1468 594 1516 gemitu
624 1467 718 1516 fugit
747 1467 943 1516 indignata
971 1469 1040 1506 sub
1069 1469 1233 1506 umbras.

156 1527 262 1564 Tum
290 1538 379 1564 vero
408 1527 617 1564 immensus
648 1539 806 1575 surgens
835 1527 918 1564 ferit
947 1539 1059 1564 aurea
1088 1527 1231 1565 clamor

157 1586 301 1623 sidera:
340 1586 485 1622 deiecta
513 1585 700 1622 crudescit
727 1598 858 1634 pugna
888 1585 1060 1631 Camilla,

155 1645 348 1681 incurrunt
378 1643 487 1681 densi
516 1644 626 1680 simul
656 1645 782 1680 omnis
812 1644 924 1692 copia
953 1643 1147 1681 Teucrum

156 1703 418 1752 Tyrrhenique
448 1703 564 1740 duces
592 1701 836 1751 Evandrique
865 1703 1034 1740 Arcades
1065 1704 1154 1740 alae.

208 1762 260 1799 At
288 1761 438 1814 Trixqiae
467 1768 596 1798 custos
625 1761 701 1798 iam
732 1761 875 1798 dudum
904 1762 943 1797 in
972 1762 1168 1799 montibus
1199 1760 1295 1811 Opis

155 1822 228 1860 alta
255 1821 361 1859 sedet
390 1821 548 1858 summis
577 1827 796 1869 spectatque
826 1820 988 1857 interrita
1017 1833 1178 1869 pugnas.

154 1880 282 1929 thue
310 1879 443 1929 procul
471 1879 597 1916 medio
625 1879 803 1915 iuvenum
833 1879 871 1915 in
901 1879 1065 1916 clamore
1093 1879 1283 1916 furentum

154 1939 349 1989 prospexit
377 1939 470 1976 tristi
499 1937 703 1975 mulcatam
732 1944 855 1974 morte
885 1936 1097 1984 Camillam,

153 1998 413 2047 ingemuitque
442 1997 620 2046 deditque
650 1996 717 2034 has
746 1997 823 2033 imo
853 2003 1007 2044 pectore
1036 2009 1174 2035 voces:

154 2057 267 2095 ‘Heu
297 2058 468 2101 nimium,
498 2057 614 2105 virgo,
645 2055 803 2092 nimium
834 2055 983 2092 crudele
1012 2055 1111 2092 luisti

153 2116 390 2165 supplicium,
421 2115 597 2153 Teucros
627 2121 766 2152 conata
794 2114 979 2151 lacessere
1007 2114 1136 2151 bello!

152 2175 238 2213 Nec
266 2175 332 2211 tibi
361 2175 529 2212 desertae
558 2174 597 2210 in
626 2173 751 2210 dumis
781 2173 942 2210 coluisse
972 2171 1137 2210 Dianam

152 2234 294 2283 profuit
322 2240 384 2270 aut
413 2240 563 2271 nostras
592 2244 724 2270 umero
753 2232 916 2281 gessisse
945 2232 1110 2280 sagittas.

153 2293 245 2330 Non
274 2299 401 2329 tamen
430 2292 649 2330 indecorem
678 2298 740 2328 tua
768 2297 804 2327 te
831 2291 963 2339 regina
990 2290 1137 2339 reliquit

153 2360 320 2390 extrema
349 2351 423 2388 iam
451 2352 490 2387 in
518 2357 650 2396 morte,
680 2361 805 2399 neque
834 2349 910 2387 hoc
939 2350 1019 2387 sine
1048 2349 1204 2386 nomine
1232 2348 1349 2387 letum

469 2426 541 2466 845.
589 2426 737 2458 Fortasse
753 2424 928 2466 legendum
943 2428 992 2456 est
1009 2427 1016 2439 ⁶
1027 2421 1202 2464 relinquet.’

1475 529 1536 567 815

1474 826 1537 856 820

1472 1120 1533 1159 825

1470 1416 1534 1456 830

1467 2004 1532 2044 840
