1669 2737
146 77 199 118 62
700 82 989 120 GEORGJCA.

146 200 184 230 et
212 192 359 231 stabula
388 204 411 229 a
440 191 561 229 ventis
590 189 751 228 hiberno
781 203 981 240 opponere
1009 190 1081 229 soli

147 253 195 290 ad
224 253 393 290 medium
424 263 608 289 conversa
637 251 750 296 diem,
781 264 869 289 cum
899 251 1056 301 frigidus
1086 251 1179 289 olim

146 314 222 350 iarn
252 313 352 351 cadit
381 319 632 361 extremoque
662 312 797 349 irrorat
826 312 1016 361 Aquarius
1045 324 1161 349 anno.

147 373 259 411 Haec
289 385 443 422 quoque
473 384 553 409 non
583 384 672 409 cura
701 372 815 409 nobis
843 372 982 409 leviore
1012 372 1191 418 tuendae,

147 445 220 470 nec
249 433 377 469 minor
405 443 496 469 usus
525 431 606 476 erit,
638 431 811 480 quamvis
841 430 992 468 Milesia
1020 442 1166 480 magno

148 492 284 529 vellera
311 498 505 528 mutentur
534 490 675 539 Tyrios
704 490 856 528 incocta
885 491 1069 528 rubores:

148 552 303 589 densior
330 552 421 589 hinc
451 550 616 596 suboles,
646 550 735 587 hinc
764 549 858 599 largi
888 552 1000 600 copia
1029 550 1161 597 lactis;

148 623 265 660 quam
294 611 418 658 magis
447 609 634 647 exhausto
663 610 892 657 spumaverit
921 610 1037 647 ubere
1066 610 1240 655 mulctra,

148 670 248 708 laeta
276 670 399 719 magis
428 669 569 718 pressis
598 669 811 705 manabunt
842 668 1000 706 flumina
1028 669 1219 706 mammis.

149 730 234 767 Nec
263 730 391 766 minus
420 729 564 765 interea
592 728 730 764 barbas
759 728 974 777 incanaque
1004 735 1136 765 menta

150 789 329 838 Cinyphii
359 787 521 825 tondent
549 787 642 824 hirci
674 793 878 836 saetasque
907 794 1108 824 comantes

149 861 262 887 usum
292 849 331 885 in
360 855 573 886 castrorum
604 853 640 885 et
668 848 816 884 miseris
846 847 1037 884 velamina
1065 846 1204 885 nautis.

150 910 365 947 Pascuntur
394 920 483 946 vero
514 908 625 945 silvas
654 914 691 944 et
720 919 870 944 summa
901 907 1042 956 Lycaei

150 969 426 1018 horrentesque
455 968 573 1004 rubos
603 974 641 1004 et
669 974 844 1005 amantes
874 967 994 1004 ardua
1023 967 1187 1010 dumos:

151 1037 264 1079 atque
294 1031 400 1079 ipsae
430 1040 620 1065 memores
649 1028 810 1065 redeunt
839 1027 878 1064 in
908 1034 1017 1073 tecta,
1050 1039 1218 1076 suosque

152 1091 307 1135 ducunt,
337 1096 374 1126 et
403 1088 559 1137 gravido
591 1093 772 1136 superant
799 1087 861 1123 vix
890 1088 1006 1124 ubere
1036 1087 1163 1123 limen.

150 1148 256 1198 Ergo
286 1148 393 1186 omni
423 1147 550 1185 studio
580 1147 744 1196 glaciem
773 1152 986 1195 ventosque
1017 1146 1171 1190 nivales,

152 1221 230 1258 quo
259 1208 386 1245 minor
415 1213 472 1244 est
502 1207 573 1243 iliis
604 1218 717 1243 curae
748 1205 919 1242 mortalis
949 1212 1113 1254 egestas,

152 1275 309 1314 avertes,
340 1268 559 1315 victumque
591 1265 688 1302 feres
717 1271 755 1302 et
785 1266 914 1313 virgea
943 1265 1065 1302 laetus

153 1328 304 1378 pabula,
335 1339 407 1364 nec
438 1333 518 1363 tota
547 1325 701 1362 claudes
732 1324 883 1361 faenilia
912 1326 1059 1361 bruma.

154 1389 205 1426 At
234 1400 324 1425 vero
356 1387 540 1437 Zephyris
570 1398 659 1424 curn
689 1385 787 1422 laeta
816 1385 1042 1422 vocantibus
1073 1390 1208 1429 aestas,

154 1449 193 1485 in
223 1447 340 1484 saltus
369 1455 571 1495 utrumque
601 1457 758 1494 gregem
789 1452 901 1493 atque
931 1445 970 1481 in
1000 1456 1144 1493 pascua
1171 1445 1310 1481 mittes.

154 1506 319 1544 Luciferi
348 1506 473 1555 primo
503 1517 590 1543 cum
621 1505 744 1542 sidere
774 1504 910 1552 frigida
938 1516 1025 1540 rura

155 1579 368 1616 carpamus,
398 1566 490 1603 dum
520 1578 634 1603 mane
663 1577 819 1610 novum,
851 1565 942 1601 dum
971 1564 1146 1613 gramina
1175 1569 1325 1608 canent,

156 1635 192 1665 et
221 1639 284 1664 ros
314 1628 352 1663 in
380 1632 512 1663 tenera
540 1625 671 1675 pecori
700 1624 937 1673 gratissimus
966 1623 1094 1660 herba.

156 1687 253 1725 Inde
283 1686 347 1722 ubi
379 1692 514 1734 quarta
543 1684 642 1721 sitim
671 1683 765 1720 caeli
795 1683 989 1731 collegerit
1021 1682 1116 1719 hora

156 1754 193 1784 et
222 1752 335 1783 cantu
366 1744 546 1794 querulae
575 1750 755 1792 rumpent
784 1743 938 1778 arbusta
967 1741 1133 1786 cicadae,

157 1806 206 1843 ad
234 1811 370 1854 puteos
400 1811 463 1841 aut
491 1803 566 1840 alta
594 1814 732 1850 greges
762 1800 810 1838 ad
839 1808 976 1849 stagna
1002 1801 1143 1837 iubebo

158 1872 371 1903 currentem
402 1863 526 1911 ilignis
557 1869 689 1911 potare
719 1860 914 1898 canalibus
944 1860 1112 1904 undam;

159 1924 326 1962 aestibus
355 1930 393 1960 at
421 1922 556 1960 mediis
586 1921 809 1958 umbrosam
838 1919 1036 1968 exquirere
1065 1917 1213 1964 vallem,

159 1984 279 2022 sicubi
308 1995 451 2031 magna
480 1981 583 2018 Iovis
612 1980 772 2028 antiquo
801 1979 939 2016 robore
969 1990 1134 2028 quercus

159 2044 335 2091 ingentes
364 2041 496 2078 tendat
524 2051 663 2084 ramos,
694 2045 758 2076 aut
787 2038 909 2075 sicubi
939 2038 1092 2085 nigrum

160 2103 306 2139 ilicibus
336 2101 476 2138 crebris
506 2111 613 2137 sacra
641 2110 778 2135 nemus
807 2098 966 2134 accubet
995 2097 1155 2142 umbra3

159 2169 241 2199 tum
270 2168 402 2198 tenues
432 2159 524 2197 dare
552 2170 680 2195 rursus
709 2169 839 2206 aquas,
870 2163 908 2193 et
937 2168 1095 2205 pascere
1124 2166 1254 2192 rursus

159 2222 251 2260 solis
280 2220 329 2258 ad
357 2232 550 2264 occasum,
582 2231 670 2256 cum
700 2218 858 2267 frigidus
887 2221 974 2253 ae‘ra
1001 2227 1137 2264 vesper

160 2286 356 2329 temperat,
386 2286 423 2316 et
452 2279 567 2316 saltus
595 2278 714 2315 reficit
742 2278 819 2314 iam
846 2275 998 2313 roscida
1026 2275 1128 2319 luna,

160 2341 345 2388 litoraque
374 2338 575 2387 alcyonem
604 2343 797 2382 resonant,
826 2333 1067 2372 acalanthida
1095 2333 1211 2370 dumi.

215 2401 320 2447 Quid
349 2400 414 2437 tibi
443 2406 616 2449 pastores
646 2398 801 2447 Libyae,
832 2396 923 2446 quid
951 2406 1095 2444 pascua
1124 2406 1235 2431 versu

161 2471 371 2511 prosequar
399 2465 436 2496 et
465 2458 557 2495 raris
586 2457 755 2495 habitata
782 2455 949 2506 mapalia
977 2454 1111 2492 tectis?

1477 388 1541 421 305

1479 682 1544 714 310

1483 980 1543 1011 315

1487 1277 1549 1308 320

1486 1576 1548 1608 325

1487 1873 1554 1905 330

1488 2168 1552 2199 335

1489 2467 1554 2498 340
