1669 2737
602 520 1076 582 AENEIS.

497 703 742 744 LIBER
794 703 1181 746 OCTAVUS.

151 828 214 866 UT
242 828 329 866 belli
359 828 511 878 signum
541 828 719 867 Laurenti
750 828 905 867 Turnus
933 831 982 867 ab
1011 841 1098 867 arce

152 888 282 925 extulit
310 894 346 924 et
375 900 490 925 rauco
521 895 759 937 strepuerunt
788 900 933 926 cornua
962 895 1085 933 cantu,

151 954 266 996 utque
295 959 399 984 acres
429 949 621 985 concussit
650 959 771 996 equos
800 954 917 996 utque
945 947 1092 996 impulit
1119 959 1232 993 arma,

150 1006 342 1055 extemplo
370 1007 509 1044 turbati
538 1007 664 1052 animi,
695 1006 805 1044 simul
834 1018 949 1043 omne
978 1006 1140 1043 tumultu

151 1065 323 1102 coniurat
351 1065 498 1114 trepido
528 1065 681 1102 Latium
710 1065 901 1114 saevitque
931 1065 1103 1102 iuventus

151 1124 275 1161 effera.
331 1123 520 1161 Ductores
549 1125 661 1173 primi
691 1123 895 1173 Messapus
924 1131 960 1161 et
989 1123 1111 1161 Ufens

150 1190 466 1232 contemptorque
497 1183 611 1220 deum
640 1183 853 1220 Mezentius
880 1183 1051 1231 undique
1079 1188 1223 1231 cogunt

150 1242 288 1279 auxilia
316 1249 352 1279 et
381 1242 477 1279 latos
507 1249 655 1279 vastant
684 1242 889 1279 cultoribus
919 1253 1042 1290 agros.

150 1301 309 1338 Mittitur
337 1308 373 1338 et
402 1301 531 1349 magni
560 1300 732 1338 Venulus
761 1300 962 1338 Diomedis
992 1300 1041 1337 ad
1069 1300 1214 1344 urbem,

149 1362 212 1410 qui
241 1367 344 1409 petat
374 1361 554 1397 auxilium
584 1367 621 1397 et
649 1360 760 1397 Latio
790 1360 998 1397 consistere
1028 1359 1213 1404 Teucros,

149 1421 349 1458 advectum
378 1420 537 1457 Aenean
566 1420 677 1457 classi
706 1421 901 1468 victosque
930 1420 1093 1457 Penates

149 1480 284 1517 inferre
313 1486 349 1516 et
379 1478 463 1516 fatis
492 1491 623 1528 regem
653 1491 693 1516 se
723 1479 848 1516 dicere
877 1479 986 1528 posci

149 1541 308 1578 edoceat
337 1539 550 1588 multasque
580 1540 659 1576 viro
689 1551 729 1577 se
759 1539 967 1587 adiungere
996 1545 1131 1587 gentes

149 1599 346 1636 Dardanio
375 1605 412 1635 et
440 1598 512 1635 late
541 1598 651 1635 Latio
681 1598 956 1635 increbrescere
986 1610 1140 1634 nomen.

151 1659 255 1706 Quid
285 1664 402 1695 struat
429 1657 488 1695 his
517 1658 674 1706 coeptis,
705 1669 832 1706 quem,
863 1658 893 1694 si
922 1657 1092 1694 Fortuna
1123 1664 1311 1706 sequatur,

149 1724 324 1755 eventum
356 1729 509 1766 pugnae
539 1717 676 1765 cupiat,
708 1716 945 1754 manifestius
974 1717 1045 1764 ipsi

151 1789 265 1827 quam
295 1777 430 1814 Turno
459 1776 539 1824 regi
568 1783 631 1813 aut
659 1776 738 1824 regi
767 1787 951 1824 apparere
980 1774 1128 1812 Latino.

203 1836 314 1872 Talia
342 1848 409 1884 per
438 1835 601 1872 Latium.
659 1835 771 1881 Quae
800 1834 1102 1871 Laomedontius
1132 1833 1245 1870 heros

151 1902 287 1932 cuncta
314 1895 446 1931 videns
475 1906 618 1942 magno
648 1905 821 1931 curarum
850 1893 1005 1930 fluctuat
1034 1899 1149 1937 aestu,

151 1962 263 2003 atque
291 1955 463 1991 animum
492 1966 594 1991 nunc
623 1953 697 1991 huc
727 1953 899 1998 celerem,
929 1964 1032 1989 nunc
1062 1951 1191 1988 dividit
1220 1950 1317 1997 illuc,

150 2015 189 2050 in
218 2020 419 2062 partesque
448 2012 544 2062 rapit
573 2013 694 2050 varias
722 2024 866 2061 perque
895 2011 1025 2049 omnia
1054 2016 1199 2047 versat:

151 2074 246 2110 sicut
275 2084 397 2121 aquae
426 2072 629 2109 tremulum
656 2072 771 2109 labris
799 2071 864 2108 ubi
893 2071 1021 2107 lumen
1050 2070 1156 2107 ae'nis

151 2131 231 2170 sole
259 2142 526 2180 repercussum
555 2138 619 2168 aut
646 2131 826 2168 radiantis
855 2129 1020 2179 imagine
1050 2129 1162 2166 lunae

151 2190 281 2228 omnia
310 2190 505 2240 pervolitat
534 2190 606 2227 late
635 2190 720 2228 loca
749 2190 901 2239 iamque
930 2189 1000 2226 sub
1029 2199 1139 2226 auras

152 2251 304 2299 erigitur
334 2251 550 2299 summique
580 2251 662 2287 ferit
691 2250 883 2299 laquearia
911 2249 1010 2287 tecti.

153 2310 245 2348 Nox
274 2316 364 2355 erat,
395 2316 432 2346 et
461 2316 578 2347 terras
607 2309 783 2347 animalia
811 2308 910 2346 fessa
939 2320 1006 2357 per
1035 2319 1171 2345 omnes

153 2369 308 2406 alituum
337 2368 605 2418 pecudumque
634 2380 756 2417 genus
786 2379 902 2417 sopor
930 2367 1026 2404 altus
1056 2365 1246 2405 habebat:

155 2440 243 2466 cum
271 2433 377 2477 pater
406 2428 444 2465 in
472 2427 554 2477 ripa
582 2427 772 2477 gelidique
802 2427 873 2465 sub
903 2426 1062 2464 aetheris
1091 2437 1162 2463 axe

1493 1375 1531 1397 10

1492 1671 1528 1702 15

1491 1967 1531 1989 20

1491 2262 1529 2294 25
