1669 2737
118 93 201 135 340
699 83 735 117 A
741 82 924 117 ENEIS.

115 195 267 232 Emicat
295 194 368 238 hic,
398 193 556 243 impune
585 199 737 242 putans,
767 199 804 229 et
834 203 996 241 corpore
1027 198 1109 228 toto

116 255 191 293 alte
220 256 410 293 sublatum
442 254 639 302 consurgit
669 253 825 290 Turnus
857 254 896 289 in
928 264 1063 289 ensem

117 322 155 353 et
184 316 290 353 ferit:
330 314 549 352 exclamant
579 313 707 351 Troes
737 312 953 362 trepidique
982 312 1120 356 Latini,

118 382 365 425 arrectaeque
394 375 597 411 amborum
628 374 740 411 acies.
797 374 850 410 At
878 372 1046 421 perfidus
1076 373 1179 409 ensis

117 435 303 484 frangitur
331 436 370 471 in
399 434 608 483 medioque
638 434 835 470 ardentem
866 432 1005 469 deserit
1033 432 1179 475 ictu,—

119 496 158 533 ni
188 495 280 545 fuga
309 495 482 532 subsidio
513 494 659 531 subeat.
717 493 831 542 Fugit
861 493 968 530 ocior
997 491 1115 536 Euro,

118 563 160 593 ut
189 555 371 605 capulum
399 555 576 603 ignotum
606 553 858 602 dextramque
888 552 1037 601 aspexit
1065 552 1264 589 inermem.

118 615 241 653 Fama
271 622 327 653 est
357 614 616 664 praecipitem,
648 625 736 650 curn
766 613 889 661 prima
918 613 957 648 in
987 611 1133 661 proelia
1162 612 1315 648 iunctos

120 675 409 713 conscendebat
439 685 572 722 equos,
602 673 727 722 patrio
757 684 945 708 mucrone
976 671 1120 714 relicto,

121 734 214 772 dum
244 734 418 783 trepidat,
450 733 590 769 ferrum
620 733 775 781 aurigae
805 732 977 780 rapuisse
1008 729 1172 768 Metisci.

120 795 246 844 quue
276 794 350 839 diu,
383 793 475 830 dum
506 800 614 841 terga
644 792 787 829 dabant
817 791 985 840 palantia
1014 790 1166 833 Teucri,

122 854 294 892 suffecit:
336 860 545 901 postquam
576 863 682 888 arma
713 852 773 888 dei
804 851 852 887 ad
883 850 1072 887 Vulcania
1100 857 1258 887 ventum
1288 857 1356 895 est,

121 914 292 951 mortalis
320 924 454 949 mucro
485 912 626 961 glacies
658 924 728 949 ceu
758 910 887 948 futtilis
917 911 994 947 ictu

122 974 304 1020 dissiluit;
345 973 446 1011 fulva
474 972 722 1022 resplendent
752 971 943 1020 fragmina
972 970 1139 1008 harena:

123 1046 215 1084 ergo
246 1045 382 1071 amens
412 1033 561 1070 diversa
590 1032 682 1080 fuga
713 1032 805 1081 petit
835 1043 1005 1080 aequora
1035 1030 1192 1067 Turnus

123 1102 159 1132 et
188 1106 291 1131 nunc
320 1093 406 1138 huc,
436 1093 527 1130 inde
556 1092 632 1129 huc
662 1092 828 1128 incertos
858 1091 1028 1140 implicat
1059 1091 1194 1136 orbes;

123 1154 293 1203 undique
323 1153 427 1191 enim
457 1152 578 1189 densa
608 1151 752 1188 Teucri
782 1151 971 1188 inclusere
1002 1162 1159 1195 corona,

122 1220 236 1264 atque
266 1213 355 1250 hinc
385 1219 489 1250 vasta
520 1212 641 1261 palus,
671 1211 759 1248 hinc
790 1211 908 1248 ardua
937 1211 1092 1247 moenia
1122 1211 1293 1259 cingunt.

178 1273 263 1311 Nec
292 1273 420 1309 minus
449 1273 616 1317 Aeneas,
647 1283 885 1320 quamquam
916 1270 1062 1307 tardata
1091 1270 1229 1319 sagitta

124 1333 315 1371 interdum
344 1344 471 1381 genua
499 1332 715 1381 impediunt
746 1343 977 1379 cursumque
1008 1336 1197 1369 recusant.

126 1394 334 1442 insequitur
363 1392 576 1442 trepidique
606 1391 748 1441 pedem
777 1391 876 1440 pede
907 1390 1072 1427 fervidus
1102 1397 1233 1437 urget:

125 1453 316 1490 inclusum
346 1452 460 1489 veluti
490 1452 520 1489 si
550 1451 707 1500 quando
740 1450 898 1488 flumine
928 1457 1064 1486 nactus

126 1525 280 1550 cervum
311 1520 375 1548 aut
404 1511 591 1560 puniceae
621 1518 799 1559 saeptum
830 1510 1032 1546 formidine
1062 1520 1214 1558 pennae

126 1579 285 1610 venator
314 1584 426 1609 cursu
456 1572 561 1608 canis
592 1579 628 1608 et
657 1571 854 1608 latratibus
885 1570 1021 1615 instat;

127 1632 186 1669 ille
216 1638 355 1676 autem,
387 1631 532 1667 insidiis
562 1637 600 1667 et
627 1630 710 1679 ripa
739 1630 890 1667 territus
920 1629 1005 1673 alta,

129 1692 229 1728 mille
261 1691 354 1739 fugit
383 1690 598 1739 refugitque
628 1690 728 1734 vias;
770 1697 808 1726 at
838 1689 984 1726 vividus
1014 1687 1163 1725 Umber

127 1751 258 1789 haeret
288 1752 408 1795 hians,
439 1751 515 1786 iam
545 1751 700 1798 iamque
731 1756 834 1786 tenet
864 1749 1076 1798 similisque
1105 1748 1248 1785 tenenti

128 1812 315 1860 increpuit
344 1810 454 1847 malis
483 1816 692 1858 morsuque
723 1810 852 1846 elusus
882 1809 986 1845 inani
1016 1816 1083 1845 est.

130 1873 235 1909 Tum
264 1883 352 1908 vero
383 1872 551 1908 exoritur
581 1871 736 1916 clamor,
767 1871 948 1918 ripaeque
978 1868 1160 1916 lacusque

128 1938 361 1980 responsant
391 1931 491 1968 circa
520 1938 558 1967 et
589 1930 737 1968 caelum
767 1936 874 1966 tonat
905 1941 1021 1965 omne
1052 1927 1225 1964 tumultu.
1273 1967 1277 1970 ,

130 1991 198 2028 Ille
228 1991 340 2028 simul
369 1990 519 2039 fugiens
550 1989 715 2027 Rutulos
747 1989 858 2026 simul
889 1989 1058 2036 increpat
1088 1999 1236 2031 omnes,

131 2051 290 2087 nomine
321 2062 513 2099 quemque
543 2062 698 2095 vocans,
729 2056 940 2097 notumque
970 2046 1151 2095 efflagitat
1181 2058 1325 2083 ensem.

132 2111 285 2147 Aeneas
315 2118 479 2147 mortem
510 2117 645 2147 contra
675 2120 936 2158 praesensque
965 2108 1132 2144 minatur

132 2171 300 2216 exitium,
331 2172 360 2208 si
392 2171 595 2220 quisquam
625 2170 747 2214 adeat,
778 2176 968 2218 terretque
996 2174 1200 2205 trementes

134 2232 350 2268 excisurum
381 2232 513 2267 urbem
543 2230 723 2267 minitans
752 2236 788 2267 et
817 2229 969 2266 saucius
999 2229 1122 2265 instat.

135 2291 317 2339 Quinque
347 2291 459 2327 orbes
490 2290 645 2339 explent
674 2302 787 2327 cursu
817 2289 1053 2337 totidemque
1083 2294 1259 2324 retexunt

133 2351 208 2388 huc
238 2350 348 2387 illuc:
389 2362 514 2398 neque
545 2350 647 2386 enim
677 2349 772 2386 levia
802 2357 866 2385 aut
894 2348 1039 2385 ludicra
1067 2354 1248 2396 petuntur

134 2412 315 2460 praemia,
348 2410 415 2447 sed
445 2410 568 2447 Turni
599 2409 645 2446 de
675 2410 751 2446 vita
781 2416 817 2445 et
848 2408 1034 2457 sanguine
1064 2415 1218 2445 certant.

134 2470 248 2507 Forte
279 2482 386 2507 sacer
415 2469 550 2506 Fauno
580 2468 677 2506 foliis
707 2469 870 2506 oleaster
899 2468 1037 2504 amaris

1456 326 1516 358 730

1457 626 1515 658 735

1460 925 1521 956 740

1462 1222 1520 1255 '745

1464 1521 1525 1555 750

1466 1838 1474 1853 ι

1466 2110 1526 2151 760
