1669 2737
489 110 702 145 ECLOGA
747 110 804 146 Π.
840 105 1056 146 16—le
1093 117 1155 155 14·
1511 111 1537 157 5

147 217 200 255 sic
228 217 376 266 positae
405 219 588 268 quoniam
618 230 752 256 suaves
781 215 947 255 miscetis
977 217 1126 255 odores.
1497 231 1536 263 55

147 275 327 314 Rusticus
357 289 409 322 es,
439 277 644 327 Corydon:
686 289 758 314 nec
788 289 948 314 munera
978 285 1083 314 curat
1111 276 1254 322 Alexis,

146 347 230 380 nec,
261 337 291 372 si
320 337 541 373 muneribus
571 343 704 381 certes,
735 336 921 374 concedat
950 335 1079 374 Iollas.

146 393 238 431 Heu
266 394 365 432 heu!
423 395 528 441 Quid
557 395 658 432 volui
687 395 827 432 misero
857 395 971 433 mihi!
1029 395 1203 432 Floribus
1232 386 1403 432 austrum

146 452 315 501 perditus
344 461 381 492 et
409 454 557 504 liquidis
585 454 725 491 immisi
754 454 923 491 fontibus
953 466 1077 503 apros.

147 509 277 556 Quem
305 512 415 562 fugis,
446 513 505 558 ah,
536 513 720 550 demens?
758 513 974 550 habitarunt
1003 514 1040 551 di
1069 524 1225 563 quoque
1254 513 1364 551 silvas
1495 517 1536 549 60

146 569 439 634 Dardaniusque
468 572 583 609 Paris
644 572 767 610 Pallas
797 584 892 621 quas
922 573 1091 610 condidit
1120 583 1227 610 arces

145 628 228 677 ipsa
256 630 378 668 colat:
418 631 530 668 nobis
557 631 732 680 placeant
763 639 849 669 ante
879 632 1010 669 omnia
1039 632 1164 669 silv.ae

147 687 278 726 Torva
305 689 440 727 leaena
466 689 600 738 lupum
630 690 807 739 sequitur,
836 690 947 739 lupus
976 691 1057 740 ipse
1087 689 1285 740 capellam,

147 746 347 785 florentem
376 748 536 797 cytisum
565 750 732 798 sequitur
760 750 901 787 lasciva
929 750 1084 798 capella,

146 812 184 842 te
214 805 409 857 Corydon,
440 820 464 845 o
493 808 628 845 Alexi:
668 808 780 846 trahit
810 821 878 846 sua
907 821 1099 858 quemque
1128 808 1313 858 voluptas.
1497 813 1536 854 65

146 866 301 915 Aspice,
331 874 453 905 aratra
480 867 572 916 iugo
601 867 767 905 referunt
798 880 983 916 suspensa
1011 868 1171 914 iuvenci,

147 932 184 963 et
215 928 273 965 sol
301 934 516 965 crescentes
546 927 735 965 decedens
765 928 934 977 duplicat
962 929 1138 965 umbras:

147 1000 210 1025 me
239 995 368 1024 tamen
397 986 469 1023 urit
498 998 631 1023 amor:
670 988 754 1036 quis
784 988 886 1024 enim
916 988 1055 1024 modus
1085 987 1180 1025 adsit
1209 986 1354 1025 amori?

146 1047 210 1084 Ah
239 1046 423 1096 Corydon
452 1044 647 1093 Corydon,
678 1059 776 1095 quae
807 1054 842 1083 te
874 1047 1067 1084 dementia
1096 1047 1222 1096 cepit?

149 1106 384 1155 Semiputata
411 1105 478 1142 tibi
507 1103 689 1143 frondosa
716 1106 799 1143 vitis
827 1106 867 1143 in
895 1106 1000 1143 ulmo
1030 1112 1097 1144 est.
1499 1118 1538 1150 70

147 1165 252 1212 Quin
282 1173 322 1202 tu
350 1165 492 1214 aliquid
522 1165 654 1202 saltem
683 1166 820 1214 potius,
851 1177 1016 1214 quorum
1045 1166 1190 1215 indiget
1219 1178 1322 1213 usus,

147 1225 350 1262 viminibus
379 1225 560 1274 mollique
589 1237 700 1274 paras
729 1225 905 1262 detexere
934 1225 1075 1262 iunco?

148 1284 317 1322 invenies
347 1283 473 1330 alium,
504 1285 534 1322 si
563 1290 599 1322 te
628 1284 689 1322 hic
719 1283 872 1329 fastidit,
902 1284 1077 1322 Alexim?

635 1468 928 1511 ECLOGA
975 1469 1058 1509 ΙΙΙ.

392 1593 618 1633 MENALCAS.
729 1593 957 1632 DAMOETAS.
1069 1593 1293 1632 PALAEMON.

203 1696 266 1737 M,
293 1696 368 1736 D1c
398 1698 500 1744 mihi,
531 1697 732 1744 Damoeta,
763 1699 892 1736 cuium
921 1699 1065 1747 pecus?
1104 1710 1153 1735 an
1183 1697 1394 1736 Meliboei?

202 1756 256 1794 D.
287 1756 390 1801 Non,
419 1770 551 1794 verum
579 1758 772 1807 Aegonis3
811 1770 933 1807 nuper
961 1757 1053 1794 mihi
1083 1757 1233 1794 tradidit
1261 1758 1413 1807 Aegon.

203 1816 265 1854 Μ.
294 1817 431 1854 Infelix
459 1830 482 1855 o
513 1830 664 1867 semper
692 1830 783 1856 oves
812 1819 952 1867 pecus!
993 1818 1076 1866 ipse
1105 1816 1298 1854 Neaeram

151 1876 243 1913 dum
272 1876 374 1914 fovet
403 1889 447 1915 ac
475 1890 524 1914 ne
552 1890 615 1915 me
643 1878 714 1915 sibi
742 1877 929 1927 praeferat
957 1877 1019 1914 illa
1046 1883 1204 1923 veretur,

150 1935 212 1974 hic
241 1935 386 1974 alienus
414 1948 506 1974 oves
536 1945 666 1975 custos
695 1938 753 1975 bis
782 1937 929 1986 mulget
956 1937 996 1973 in
1025 1935 1130 1981 hora,
1522 1956 1540 1985 5

152 2002 189 2032 et
217 2007 330 2035 sucus
358 1996 488 2044 pecori
517 2004 554 2034 et
583 1997 641 2034 lac
671 1997 892 2034 subducitur
919 1996 1039 2045 agnis.

205 2054 258 2092 D.
288 2054 444 2092 Parcius
472 2055 543 2092 ista
569 2056 656 2093 viris
686 2063 814 2093 tamen
843 2055 1057 2093 obiicienda
1085 2062 1293 2094 memento.

152 2113 343 2151 Novimus
372 2120 408 2151 et
437 2114 502 2163 qui
530 2121 567 2152 te
595 2122 809 2152 transversa
837 2114 1030 2151 tuentibus
1058 2113 1181 2160 hircis,

153 2180 190 2210 et
217 2173 421 2223 quo—sed
450 2173 578 2211 faciles
607 2172 813 2223 Nymphae
842 2173 1165 2210 risere—sacello.

206 2231 269 2270 llll.
299 2233 414 2278 Tum,
446 2233 572 2278 credo,
602 2245 690 2270 cum
719 2245 781 2270 me
810 2233 1008 2270 arbustum
1036 2232 1161 2270 videre
1192 2232 1360 2272 Miconis
1503 2251 1540 2273 10

153 2299 265 2341 atque
294 2292 394 2329 mala
422 2292 516 2329 vites
544 2292 710 2330 incidere
741 2291 836 2329 falce
866 2291 1043 2329 novellas.

205 2350 258 2388 D.
288 2350 367 2388 Aut
394 2351 456 2388 hic
484 2351 533 2388 ad
561 2359 706 2389 veteres
736 2351 846 2400 fagos
876 2363 964 2388 cum
992 2350 1207 2401 Daphnidis
1235 2364 1367 2390 arcum

153 2409 294 2458 fregisti
323 2416 361 2446 et
389 2410 580 2448 calamos:
622 2423 719 2460 quae
748 2417 799 2454 tu,
829 2422 1005 2459 perverse
1034 2410 1222 2456 Menalca,

154 2476 191 2507 et
219 2481 308 2506 cum
336 2469 459 2507 vidisti
487 2482 607 2519 puero
637 2471 790 2515 donata,
821 2469 991 2515 dolebas,
