1669 2737
557 63 725 96 LIBER
754 64 823 99 IV.
856 59 1066 112 341—418.

116 180 152 209 et
180 179 299 209 mater
330 170 457 220 ‘Cape
489 171 660 209 Maeonii
691 171 883 209 carchesia
913 171 1082 210 Bacchi:

116 231 277 269 Oceano
307 231 485 268 libemus’
516 232 576 268 ait.
637 230 757 268 Simul
786 231 870 280 ipsa
897 239 1074 281 precatur

116 290 393 339 Oceanumque
424 297 570 339 patrem
600 303 725 328 rerum
755 290 1034 340 Nymphasque
1064 303 1227 336 sorores,

116 356 269 387 centum
298 362 395 398 quae
425 349 545 393 silvas,
577 357 730 387 centurn
761 362 859 398 quae
889 350 1047 387 flumina
1076 358 1237 388 servant.

117 407 196 445 Ter
225 407 368 457 liquido
398 407 593 445 ardentem
623 408 814 457 perfundit
843 416 995 446 nectare
1024 408 1194 453 Vestam,

116 477 170 505 ter
198 469 354 506 flamma
383 468 431 506 ad
460 480 653 506 summum
682 469 770 506 tecti
801 469 968 506 subiecta
997 469 1143 506 reluxit.

115 530 258 566 Omine
287 540 364 577 quo
395 528 549 565 firmans
578 528 750 564 animum
780 528 833 565 sic
863 528 995 577 incipit
1025 528 1133 577 ipsa:

171 587 266 624 ‘Est
294 589 332 624 in
362 586 569 636 Carpathio
600 586 770 636 Neptuni
801 587 949 636 gurgite
979 594 1082 624 vates

116 647 309 685 caeruleus
339 646 510 691 Proteus,
539 658 723 694 magnum
753 647 818 695 qui
846 646 1014 695 piscibus
1043 657 1188 695 aequor

116 716 153 744 et
181 707 312 744 iuncto
343 706 525 755 bipedum
555 718 665 743 curru
695 706 848 743 metitur
876 718 1074 755 equorum.

116 766 192 803 Hic
222 778 323 803 nunc
353 765 554 802 Emathiae
583 772 715 814 portus
744 767 983 814 patriamque
1012 765 1137 802 revisit

115 825 317 871 Pallenen;
355 825 459 862 hunc
488 832 525 861 et
554 824 757 873 Nymphae
787 836 1012 862 veneramur
1041 831 1077 861 et
1107 825 1189 873 ipse

116 885 354 934 grandaevus
384 883 554 920 Nereus:
596 884 700 920 novit
728 895 894 932 namque
924 884 1055 920 omnia
1085 891 1200 927 vates,

117 956 214 992 quae
243 944 327 987 sint,
358 955 455 992 quae
484 943 633 985 fuerint,
663 955 761 992 quae
791 955 880 980 mox
911 950 1066 979 ventura
1096 942 1312 988 trahantur;

117 1003 257 1052 quippe
286 1003 337 1039 ita
366 1002 549 1050 Neptuno
579 1003 700 1039 visum
730 1010 798 1048 est,
827 1003 1009 1039 immania
1040 1002 1145 1039 cuius

117 1069 287 1099 armenta
315 1069 351 1099 et
379 1068 508 1111 turpes
538 1062 659 1111 pascit
688 1063 759 1099 sub
788 1063 936 1111 gurgite
967 1062 1123 1110 phocas.

118 1121 194 1158 Hic
223 1122 300 1167 tibi,
330 1128 428 1166 nate,
458 1122 561 1170 prius
589 1122 721 1159 vinclis
751 1122 971 1170 capiendus,
1002 1129 1043 1158 ut
1072 1133 1228 1158 ornnem

118 1181 294 1230 expediat
321 1181 444 1217 morbi
474 1192 639 1226 causam,
669 1188 901 1230 eventusque
932 1181 1127 1218 secundet.

120 1240 221 1277 Nam
250 1241 330 1278 sine
359 1240 394 1276 vi
422 1251 502 1276 non
531 1240 606 1277 ulla
635 1240 736 1277 dabit
764 1247 980 1289 praecepta,
1010 1253 1134 1289 neque
1164 1240 1267 1276 illurn

119 1300 266 1337 orando
296 1300 449 1345 flecte53
492 1300 566 1336 vim
597 1300 729 1336 duram
759 1308 795 1337 et
824 1300 972 1337 vincula
1001 1307 1114 1348 capto

118 1360 253 1405 tende;
294 1359 371 1396 doli
400 1360 541 1396 circum
571 1359 665 1396 haec
694 1359 849 1396 demum
880 1359 1100 1408 frangentur
1133 1359 1277 1395 inanes.

119 1419 208 1467 Ipsa
239 1430 312 1468 ego
341 1425 388 1463 te,
419 1418 567 1455 medios
597 1430 685 1455 cum
715 1419 771 1455 sol
801 1419 1015 1456 accenderit
1045 1425 1182 1462 aestus,

119 1490 206 1514 cum
236 1478 366 1515 sitiunt
395 1477 533 1514 herbae
563 1484 599 1515 et
628 1479 757 1527 pecori
787 1479 862 1515 iam
892 1479 1035 1527 gratior
1063 1479 1197 1514 umbra
1227 1484 1295 1523 est,

119 1539 158 1574 in
188 1545 331 1575 secreta
360 1538 461 1574 senis
491 1537 641 1583 ducam,
672 1550 748 1587 quo
779 1537 898 1575 fessus
929 1539 977 1574 ab
1007 1537 1119 1574 undis
1155 1528 1156 1531 ¹

120 1610 159 1634 se
188 1598 331 1647 recipit,
365 1596 471 1634 facile
500 1605 541 1635 ut
571 1610 709 1635 somno
739 1596 960 1647 aggrediare
990 1598 1189 1635 iacentem.

121 1657 262 1695 Verum
291 1658 355 1694 ubi
385 1665 603 1707 correptum
633 1658 810 1695 manibus
841 1657 1046 1706 vinclisque
1076 1658 1235 1703 tenebis,

120 1725 201 1754 tum
228 1717 350 1754 variae
380 1717 534 1754 eludent
565 1718 711 1766 species
742 1724 854 1766 atque
884 1729 949 1754 ora
978 1717 1153 1754 ferarum.

120 1776 203 1814 Fiet
231 1776 333 1814 enim
363 1777 487 1813 subito
517 1788 580 1813 sus
610 1776 784 1813 horridus
813 1783 967 1825 atraque
997 1776 1101 1825 tigris

122 1848 425 1886 squamosusque
455 1836 570 1874 draco
600 1843 637 1873 et
667 1837 766 1874 fulva
796 1836 940 1874 cervice
969 1836 1115 1880 leaena,

121 1904 184 1933 aut
212 1908 338 1934 acrem
367 1897 543 1934 flammae
573 1896 742 1934 sonitum
773 1896 876 1934 dabit
905 1903 1018 1945 atque
1048 1896 1098 1932 ita
1127 1896 1258 1933 vinclis

122 1956 280 2001 excidet,
312 1963 375 1994 aut
402 1957 442 1992 in
471 1968 590 2005 aquas
621 1964 755 1993 tenues
786 1956 953 2005 dilapsus
983 1955 1109 1992 abibit.

123 2017 190 2053 sed
219 2023 362 2065 quanto
391 2016 449 2052 ille
479 2018 602 2064 magis
632 2015 772 2053 formas
801 2028 842 2052 se
871 2022 987 2052 vertet
1016 2015 1055 2051 in
1090 2026 1237 2059 omnes,

123 2083 240 2121 tanto,
270 2082 369 2121 nate,
398 2076 520 2125 magis
550 2076 739 2113 contende
768 2075 916 2112 tenacia
944 2074 1076 2119 vincla,

124 2135 248 2173 donec
276 2135 359 2172 talis
389 2135 458 2172 erit
486 2141 632 2172 mutato
667 2146 838 2184 corpore,
870 2134 1022 2183 qualem

123 2195 269 2239 videris,
298 2195 452 2244 incepto
483 2201 628 2243 tegeret
657 2207 744 2232 cum
774 2194 919 2230 lumina
949 2191 1114 2230 somno.'

178 2254 288 2292 Haec
316 2255 367 2292 ait
395 2261 432 2291 et
460 2253 644 2303 liquidum
673 2254 886 2290 ambrosiae
917 2252 1089 2289 defundit
1117 2250 1288 2297 odorem,

125 2327 202 2364 quo
233 2321 353 2352 totum
383 2314 461 2351 nati
491 2325 631 2362 corpus
660 2312 859 2362 perduxit3
898 2318 934 2348 at
963 2311 1012 2347 illi

126 2374 244 2411 dulcis
273 2373 497 2422 compositis
527 2373 681 2422 spiravit
710 2371 876 2408 crinibus
907 2383 1007 2416 aura,

125 2441 237 2483 atque
267 2433 401 2471 habilis
430 2432 612 2469 membris
642 2431 742 2469 venit
771 2430 889 2479 vigor.
944 2429 1013 2467 Est
1043 2442 1180 2477 specus
1211 2430 1348 2478 ingens

1456 69 1508 113 79

1466 179 1507 208 So

1445 188 1462 217 tu

1443 779 1504 810 390

1439 1076 1501 1107 395

1440 1373 1503 1404 400

1442 1673 1503 1704 405

1442 1972 1505 2001 410

1445 2266 1504 2297 4¹5
