1669 2737
608 82 776 117 LIBER
804 83 838 118 I.
870 75 1051 137 64ss141-

138 190 263 228 velum
292 189 449 229 adversa
477 189 573 235 ferit,
597 190 811 239 fluctusque
841 189 890 226 ad
919 189 1044 227 sidera
1073 189 1178 227 tollit.

139 249 381 299 Franguntur
408 250 527 296 remi;
565 256 647 287 tum
676 261 788 299 prora
816 250 946 286 avertit
974 256 1011 286 et
1042 249 1154 285 undis

139 309 204 345 dat
232 309 328 346 latus
344 322 354 355 ;
393 309 602 357 insequitur
631 308 784 346 cumulo
815 314 1039 357 praeruptus
1069 320 1192 356 aquae
1223 319 1347 345 mons.

140 367 194 405 Hi
223 379 376 405 summo
406 369 444 405 in
474 368 592 405 fluctu
621 368 801 417 pendent,
832 368 889 404 his
919 367 1022 404 unda
1051 367 1253 404 dehiscens

140 434 276 464 terram
305 427 400 463 inter
428 427 564 463 fluctus
592 426 722 475 aperit,
754 426 840 463 furit
871 434 997 463 aestus
1028 425 1191 462 harenis.

140 486 240 523 Tres
270 485 395 523 Notus
424 486 598 534 abreptas
626 486 666 522 in
697 497 791 522 saxa
819 485 974 522 latentia
1002 490 1174 534 torquet;

140 557 233 582 saxa
259 552 400 582 vocant
428 545 512 582 Itali
539 544 677 582 mediis
708 557 806 593 quae
835 545 875 581 in
902 544 1080 581 fluctibus
1108 557 1203 588 aras,

141 604 299 642 dorsum
322 604 488 640 immane
518 604 613 640 mari
643 616 796 641 summo
812 616 822 650 ;
844 611 919 640 tres
947 603 1071 640 Eurus
1101 603 1149 639 ab
1179 603 1253 640 alto

140 664 180 699 in
208 664 337 700 brevia
365 670 403 700 et
431 669 550 712 syrtes
579 669 688 712 urget
718 663 948 713 (miserabile
976 661 1074 711 visu)

141 722 324 771 illiditque
352 721 457 758 vadis
486 729 600 771 atque
629 734 768 771 aggere
798 722 917 770 cingit
945 721 1120 758 harenae.

142 780 283 825 Unam,
313 793 412 830 quae
440 780 580 829 Lycios
610 780 806 830 fidumque
835 780 996 817 vehebat
1026 779 1212 825 Oronten,

142 840 261 888 ipsius
289 846 377 877 ante
405 839 539 877 oculos
568 840 703 888 ingens
732 852 755 876 a
783 840 921 877 vertice
950 846 1093 888 pontus

142 900 182 936 in
210 899 372 948 puppim
400 898 504 935 ferit:
543 899 728 935 excutitur
757 911 979 948 pronusque
1009 899 1192 947 magister

143 958 301 995 volvitur
328 959 367 994 in
396 964 530 1006 caput;
571 964 627 994 ast
655 957 755 994 illam
786 964 841 994 ter
871 957 1010 994 fluctus
1041 958 1183 994 ibidem

143 1023 295 1065 torquet
323 1028 441 1065 agens
471 1017 626 1061 circum,
652 1022 689 1053 et
718 1016 870 1065 rapidus
900 1023 1006 1053 vorat
1036 1028 1201 1065 aequore
1232 1022 1368 1052 vertex.

143 1077 345 1125 Apparent
372 1076 445 1112 rari
474 1082 608 1112 nantes
636 1075 676 1112 in
705 1076 853 1124 gurgite
883 1082 1001 1120 vasto,

144 1148 250 1173 arma
277 1136 398 1172 virum
426 1135 653 1184 tabulaeque
683 1141 720 1171 et
750 1134 874 1172 Troi'a'
900 1147 995 1183 gaza
1023 1147 1091 1184 per
1118 1135 1253 1172 undas.

144 1195 228 1234 Iam
257 1195 419 1232 validam
447 1194 581 1231 Ilionei
611 1206 757 1238 navem,
788 1195 863 1231 iam
894 1195 999 1232 fortis
1031 1195 1176 1239 Achati,

144 1262 182 1292 et
210 1267 287 1303 qua
313 1261 444 1291 vectus
475 1254 590 1298 Abas,
620 1260 657 1290 et
686 1265 762 1302 qua
790 1253 1026 1302 grandaevus
1056 1254 1195 1299 Aletes,

145 1314 233 1351 vicit
259 1313 433 1362 hiemps;
474 1312 568 1349 laxis
597 1312 756 1349 laterum
787 1314 1039 1362 compagibus
1069 1325 1206 1350 omnes

145 1373 338 1421 accipiunt
366 1372 562 1408 inimicum
586 1371 747 1408 imbrem
776 1372 957 1421 rimisque
987 1372 1174 1409 fatiscunt.

201 1431 352 1468 Interea
379 1442 523 1478 magno
552 1430 701 1467 misceri
729 1441 922 1468 murmure
951 1438 1114 1480 pontum

146 1491 403 1539 emissamque
432 1489 599 1526 hiemem
629 1489 746 1526 sensit
775 1488 980 1538 Neptunus
1010 1497 1047 1527 et
1076 1491 1160 1527 imis

146 1557 283 1598 stagna
309 1548 434 1585 refusa
462 1548 577 1592 vadis,
608 1547 770 1596 graviter
799 1557 1038 1591 commotus:
1079 1556 1115 1586 et
1143 1548 1219 1585 alto

145 1607 382 1657 prospiciens
411 1619 561 1644 summa
589 1606 781 1655 placidum
811 1614 925 1656 caput
956 1608 1087 1644 extulit
1115 1608 1229 1644 unda.

147 1667 354 1705 Disiectam
383 1665 540 1703 Aeneae
569 1672 651 1702 toto
681 1665 782 1702 videt
811 1678 978 1715 aequore
1008 1667 1181 1711 classem,

148 1726 325 1764 fiuctibus
354 1737 562 1775 oppressos
592 1725 718 1762 Troas
748 1725 917 1775 caelique
947 1727 1065 1763 ruina.

148 1785 233 1824 Nee
261 1786 401 1823 latuere
433 1784 509 1822 doli
539 1783 693 1821 fratrem
722 1784 880 1822 Iunonis
911 1793 947 1822 et
975 1786 1063 1822 irae.

148 1846 294 1883 Eurum
322 1845 371 1882 ad
400 1856 440 1882 se
469 1844 767 1893 Zephyrumque
796 1852 918 1889 vocat,
950 1845 1088 1882 dehinc
1117 1845 1204 1882 talia
1233 1844 1353 1882 fatur:

204 1904 405 1942 ‘Tantane
434 1916 503 1941 vos
533 1904 686 1952 generis
715 1904 836 1941 tenuit
865 1905 1004 1942 fiducia
1031 1906 1168 1942 vestri?

149 1965 226 2001 iam
254 1963 402 2001 caelum
430 1970 647 2011 terramque
676 1975 765 2000 meo
795 1964 876 2000 sine
906 1964 1074 2009 numine,
1103 1965 1215 2008 venti,

149 2024 323 2067 miscere,
351 2029 388 2059 et
417 2028 540 2059 tantas
569 2021 716 2059 audetis
746 2022 876 2059 tollere
906 2022 1055 2059 moles?

150 2094 249 2131 quos
277 2080 476 2130 ego—sed
505 2085 632 2117 motos
661 2088 828 2129 praestat
857 2092 1091 2129 componere
1120 2080 1280 2119 fluctus:

151 2147 240 2191 post
268 2140 361 2177 mihi
389 2151 472 2176 non
500 2139 611 2176 simili
640 2151 768 2188 poena
796 2140 1003 2176 commissa
1032 2140 1152 2176 luetis.

152 2200 342 2237 Maturate
370 2198 513 2248 fugam,
544 2198 701 2247 regique
730 2198 824 2235 haec
855 2198 965 2235 dicite
996 2206 1144 2235 vestro:

152 2271 233 2297 non
260 2259 310 2296 illi
339 2259 542 2308 imperium
570 2258 695 2307 pelagi
726 2270 955 2307 saevumque
986 2259 1200 2300 tridentem,

153 2318 223 2355 sed
249 2317 343 2354 mihi
373 2324 473 2355 sorte
502 2317 644 2354 datum.
702 2316 830 2354 Tenet
858 2317 919 2353 ille
947 2317 1129 2354 immania
1159 2331 1262 2364 saxa,

153 2384 307 2421 vestras,
337 2376 451 2421 Eure,
482 2376 643 2422 domos3
683 2376 743 2412 illa
773 2388 814 2412 se
843 2376 955 2412 iactet
984 2377 1022 2412 in
1051 2377 1135 2413 aula

155 2435 298 2473 Aeolus
329 2441 367 2473 et
395 2435 526 2473 clauso
555 2442 754 2473 ventorum
784 2447 936 2473 carcere
965 2435 1120 2485 regnet.’

1476 76 1525 126 87

1470 324 1526 353 105

1472 618 1530 639 110

1472 915 1530 944 115

1475 1210 1532 1231 120

1486 2395 1542 2426 140
