1669 2737
582 77 748 112 LIBER
777 78 849 113 XI.
880 84 1045 126 3'41‘41
1055 71 1091 114 8.
1439 85 1517 127 307

139 184 283 234 primus
312 183 414 222 ades.
472 184 548 222 Sed
578 197 659 222 non
688 185 870 234 replenda
898 192 954 222 est
988 186 1092 222 curia
1121 186 1252 231 verbis,
1459 196 1521 232 580

138 255 236 292 quae
264 249 346 280 tuto
374 243 440 280 tibi
470 255 612 292 magna
641 244 779 289 volant,
811 245 903 280 dum
933 244 1086 282 distinet
1115 244 1267 282 hostem

138 314 256 350 agger
283 314 479 339 murorum
509 314 580 339 nec
608 302 795 339 inundant
824 304 1009 351 sanguine
1039 303 1174 340 fossae.

138 359 302 397 Proinde
331 367 424 398 tona
451 360 615 409 eloquio,
647 360 800 398 solitum
829 361 904 406 tibi,
936 373 1074 410 meque
1104 362 1249 399 timoris

137 431 253 468 argue
281 426 332 465 tu,
362 419 526 464 Drance,
557 420 714 469 quando
745 426 800 456 tot
829 420 965 468 stragis
995 432 1150 457 acervos

138 478 375 517 Teucrorum
403 485 468 516 tua
496 478 626 515 dextra
655 478 759 515 dedit
788 479 1006 527 passimque
1037 479 1201 527 tropaeis
1457 488 1517 526 395

136 537 307 586 insignes
336 549 460 587 agros.
519 536 644 574 Possit
673 537 764 586 quid
793 536 914 573 vivida
943 538 1069 583 virtus,

137 597 330 646 experiare
359 596 472 642 licet3
513 607 585 633 nec
613 595 729 644 longe
761 596 903 633 scilicet
932 596 1062 634 hostes

137 655 344 705 quaerendi
373 655 508 692 nobis:
548 655 790 691 circumstant
818 654 987 704 undique
1017 668 1158 693 muros.

137 714 242 751 Imus
272 715 311 751 in
340 714 536 750 adversos:
581 713 671 761 quid
701 715 852 750 cessas?
893 726 941 749 an
971 714 1037 751 tibi
1067 714 1221 752 Mavors

135 780 294 810 ventosa
319 773 359 809 in
387 772 516 821 lingua
543 772 780 821 pedibusque
809 771 1007 821 fugacibus
1035 773 1113 810 istis
1457 790 1518 821 390

135 844 287 881 semper
315 832 408 869 erit?

135 891 271 928 Pulsus
299 891 399 940 ego?
439 897 501 928 aut
530 890 732 939 quisquam
761 890 907 935 merito,
938 890 1167 936 foedissime,
1198 892 1349 941 pulsum

134 957 277 998 arguet,
306 950 424 987 Iliaco
455 948 643 986 tumidum
673 949 736 996 qui
766 961 935 985 crescere
966 949 1156 998 Thybrim

134 1010 320 1058 sanguine
348 1015 386 1046 et
413 1007 579 1045 Evandri
608 1014 729 1044 totam
759 1020 846 1044 cum
877 1009 990 1057 stirpe
1020 1009 1160 1046 videbit

133 1068 382 1117 procubuisse
412 1067 571 1104 domum
600 1073 713 1115 atque
743 1075 877 1103 exutos
908 1068 1079 1104 Arcadas
1109 1069 1249 1106 armis?
1455 1085 1514 1116 395

134 1127 252 1165 Haud
280 1128 332 1165 ita
360 1138 422 1163 me
451 1125 595 1174 experti
624 1125 740 1162 Bitias
770 1132 806 1162 et
835 1125 1029 1164 Pandarus
1059 1128 1194 1176 ingens

134 1194 171 1224 et
200 1198 298 1236 quos
327 1185 427 1222 mille
457 1185 516 1221 die
545 1184 663 1221 victor
692 1185 762 1221 sub
793 1184 954 1222 Tartara
982 1186 1078 1231 misi,

133 1246 299 1283 inclusus
329 1244 444 1281 muris
474 1243 675 1292 hostilique
704 1255 844 1292 aggere
875 1252 1038 1292 saeptus.

134 1305 285 1342 “Nulla
314 1303 413 1341 salus
442 1300 578 1339 bello.''
637 1301 760 1351 Capiti
790 1315 885 1339 cane
915 1303 1012 1348 talia,
1045 1304 1214 1350 demens,

131 1363 327 1401 Dardanio
356 1362 546 1410 rebusque
574 1362 657 1398 tuis.
716 1361 881 1399 Proinde
911 1363 1041 1399 onmia
1070 1375 1215 1412 magno
1451 1380 1514 1411 400

131 1435 181 1460 ne
211 1433 319 1459 cessa
346 1421 496 1457 turbare
524 1427 629 1456 metu
658 1427 771 1469 atque
802 1421 982 1458 extollere
1011 1422 1108 1459 vires

132 1481 257 1531 gentis
285 1480 345 1517 bis
373 1480 504 1524 victae,
535 1485 669 1516 contra
697 1491 868 1528 premere
899 1492 1004 1516 arma
1034 1480 1169 1517 Latini.

130 1540 246 1577 Nunc
274 1545 311 1576 et
339 1537 629 1587 Myrmidonum
659 1549 837 1586 proceres
867 1538 1030 1587 Phrygia
1059 1551 1164 1577 arma
1193 1546 1436 1586 tremescunt,

129 1611 233 1636 nunc
262 1605 299 1635 et
327 1597 499 1645 Tydides
528 1603 565 1634 et
593 1596 792 1634 Larisaeus
821 1597 1001 1643 Achilles,

129 1658 253 1695 amnis
282 1663 318 1694 et
348 1655 559 1693 Hadriacas
589 1662 688 1692 retro
718 1655 812 1704 fugit
841 1656 1004 1694 Aufidus
1033 1657 1171 1694 undas.
1450 1672 1509 1703 405

128 1716 202 1753 Vel
232 1728 320 1753 cum
349 1727 388 1752 se
417 1715 598 1763 pavidum
628 1722 762 1751 contra
790 1726 877 1751 mea
906 1715 1028 1763 iurgia
1057 1715 1165 1764 fingit

128 1775 280 1812 artificis
309 1773 430 1811 scelus
460 1780 497 1810 et
526 1772 727 1810 formidine
757 1774 901 1810 crimen
932 1775 1095 1811 acerbat.

130 1834 354 1883 Numquam
383 1833 551 1870 animam
579 1832 693 1869 talem
723 1832 855 1870 dextra
884 1833 956 1870 hac
987 1832 1142 1882 (absiste
1171 1833 1332 1884 moveri)

129 1894 302 1930 amittes:
341 1892 484 1929 habitet
511 1899 638 1929 tecum
667 1898 703 1928 et
733 1892 779 1929 sit
807 1900 963 1940 pectore
993 1893 1031 1929 in
1061 1893 1145 1929 isto.

129 1952 246 1989 Nunc
275 1951 324 1988 ad
351 1958 388 1988 te
417 1957 454 1988 et
481 1957 546 1987 tua
575 1963 728 1999 magna,
758 1959 874 1999 pater,
906 1952 1082 1988 consulta
1111 1959 1286 1990 revertor.
1446 1968 1508 1999 410

129 2012 169 2050 Si
197 2012 339 2049 nullam
368 2011 505 2048 nostris
534 2011 630 2047 ultra
660 2022 768 2059 spem
798 2011 910 2059 ponis
941 2012 980 2047 in
1009 2012 1132 2057 armis,

127 2073 160 2110 si
188 2077 267 2108 tam
297 2070 434 2107 deserti
463 2082 593 2107 sumus
623 2075 661 2106 et
690 2070 807 2106 semel
841 2070 993 2118 agmine
1022 2083 1131 2108 verso

127 2130 295 2168 funditus
323 2129 532 2166 occidimus
561 2140 687 2178 neque
716 2128 831 2165 habet
859 2128 1029 2166 Fortuna
1057 2142 1284 2178 regressum,

127 2201 280 2227 oremus
308 2200 443 2238 pacem
472 2195 508 2225 et
538 2189 688 2225 dextras
717 2188 921 2225 tendamus
950 2188 1099 2226 inertes.

128 2248 375 2298 Quamquam
404 2259 440 2293 o,
469 2247 501 2284 si
529 2247 660 2284 solitae
690 2247 896 2295 quicquam
925 2247 1068 2284 virtutis
1097 2248 1258 2294 adesset,
1442 2264 1502 2295 415

127 2308 188 2344 ille
216 2307 308 2343 mihi
337 2313 424 2343 ante
453 2306 547 2344 alios
576 2306 863 2354 fortunatusque
893 2306 1067 2343 laborum

128 2366 380 2415 egregiusque
409 2365 534 2410 animi,
564 2365 639 2413 qui,
670 2377 718 2402 ne
747 2365 838 2413 quid
867 2365 938 2402 tale
968 2366 1118 2411 videret,

128 2424 329 2475 procubuit
359 2424 527 2461 moriens
556 2430 592 2461 et
621 2423 780 2462 humum
811 2423 922 2460 simul
951 2436 1016 2462 ore
1045 2423 1263 2462 momordit.

780 2506 805 2531 x
830 2506 849 2530 2
