1669 2737
561 91 727 127 LIBER
756 91 828 128 XI.
863 85 1068 141 263-1340.
1416 96 1498 141 305

119 201 242 239 ‘Ante
271 199 449 250 equidem
478 212 629 238 summa
658 200 706 238 de
735 212 775 238 re
805 200 991 245 statuisse,
1021 199 1158 245 Latini,

116 267 154 297 et
181 259 316 296 vellem
344 266 381 296 et
409 260 529 297 fuerat
557 259 702 304 melius,
732 272 812 297 non
842 267 1016 309 tempore
1046 260 1111 296 tali

116 329 252 367 cogere
281 319 494 362 concilium,
526 330 623 361 cum,
641 330 771 356 muros
801 319 943 356 assidet
971 319 1101 355 hostis.

116 378 264 415 Bellum
293 378 563 427 importunum,
594 379 704 426 cives,
735 392 822 417 cum
852 385 966 429 gente
996 379 1156 416 deorum
1437 395 1497 426 305

114 437 339 486 invictisque
367 438 452 475 viris
481 439 658 487 gerimus,
689 451 787 488 quos
816 439 918 476 nulla
947 437 1107 486 fatigant

114 496 284 545 proelia:
323 509 395 534 nec
424 498 512 535 victi
541 505 704 546 possunt
733 499 914 536 absistere
943 497 1054 535 ferro.

117 555 235 604 Spem
263 556 295 593 si
324 568 438 605 quarn
467 557 593 594 ascitis
622 557 802 594 Aetolum
830 557 1013 594 habuistis
1042 556 1080 593 in
1112 557 1237 600 armis,

115 615 257 664 ponite.
314 614 411 664 Spes
440 616 510 652 sibi
539 616 722 665 quisque3
762 616 831 653 sed
860 616 955 653 haec
985 628 1101 665 quam
1131 623 1296 664 angusta
1326 617 1470 655 videtis.

116 674 252 712 Cetera
281 686 355 723 qua
382 686 507 711 rerum
536 675 684 712 iaceant
712 675 888 724 perculsa
916 675 1035 721 ruina,
1438 692 1498 722 310

116 740 204 771 ante
233 733 367 770 oculos
395 734 566 782 interque
595 746 732 771 manus
761 742 850 772 sunt
878 736 1010 772 omnia
1038 741 1190 773 vestras.

116 792 201 830 Nec
230 804 462 840 quemquam
492 793 651 830 incuso:
692 794 815 843 potuit
845 806 942 843 quae
972 794 1133 842 plurima
1163 795 1275 832 virtus

115 864 211 898 esse,
241 851 331 897 fuit3
371 858 453 889 toto
482 859 667 890 certatum
696 859 753 890 est
783 865 943 902 corpore
972 854 1092 903 regni.

116 910 231 948 Nune
260 910 358 948 adeo
388 923 485 960 quae
514 912 559 948 sit
589 912 726 949 dubiae
756 913 943 949 sententia
973 914 1092 950 menti

115 969 319 1019 expediam
348 977 384 1007 et
412 971 544 1019 paucis
574 969 740 1021 (animos
769 969 964 1021 adhibete)
994 971 1155 1010 docebo.
1438 989 1497 1020 315

114 1028 186 1066 Est
213 1029 391 1078 antiquus
420 1041 509 1078 ager
539 1029 670 1066 Tusco
701 1029 792 1065 mihi
822 1030 1020 1078 proximus
1049 1032 1164 1075 amni,

114 1088 254 1136 longus
283 1089 321 1125 in
350 1100 542 1133 occasum,
573 1089 669 1125 fines
698 1100 811 1137 super
839 1101 961 1137 usque
992 1089 1173 1135 Sicanos,-

115 1147 285 1184 Aurunci
315 1146 520 1196 Rutulique
551 1153 679 1184 serunt
707 1154 744 1184 et
772 1159 926 1185 vomere
955 1148 1071 1185 duros

117 1212 295 1243 exercent
323 1206 439 1244 colles
468 1212 581 1255 atque
611 1206 747 1243 horum
777 1208 982 1255 asperrima
1009 1215 1182 1256 pascunt.

117 1265 229 1303 Haec
258 1267 384 1303 omnis
412 1267 518 1315 regio
547 1273 584 1303 et
612 1266 701 1303 celsi
730 1266 844 1315 plaga
872 1267 986 1315 pinea
1016 1269 1159 1304 montis
1436 1287 1500 1316 320

116 1324 229 1363 cedat
256 1325 442 1362 amicitiae
472 1324 723 1370 Teucrorum,
754 1332 790 1362 et
819 1325 982 1363 foederis
1011 1338 1152 1375 aequas

117 1384 290 1421 dicamus
319 1383 423 1432 leges
453 1384 655 1433 sociosque
684 1384 723 1420 in
752 1396 871 1432 regna
900 1396 1094 1437 vocemus.

117 1442 342 1487 Considant,
373 1442 403 1479 si
432 1448 559 1480 tantus
589 1455 708 1489 amor,
739 1450 776 1480 et
804 1443 957 1480 moenia
986 1444 1168 1481 condant.

118 1501 186 1539 Sin
215 1501 310 1538 alios
339 1501 433 1538 fines
463 1501 651 1551 aliamque
680 1514 880 1551 capessere
910 1509 1066 1551 gentem

116 1565 175 1598 est
203 1559 352 1596 animus
381 1567 618 1609 possuntque
649 1561 732 1598 solo
764 1560 949 1598 decedere
979 1568 1137 1599 nostro:
1441 1580 1501 1611 325

116 1619 176 1656 bis
205 1618 324 1656 denas
353 1618 450 1656 Italo
480 1625 654 1657 texamus
683 1621 822 1657 robore
851 1632 966 1658 naves

117 1689 186 1715 seu
214 1678 341 1726 plures
370 1678 563 1727 complere
592 1679 716 1715 valent
746 1678 858 1729 (iacet
886 1680 1014 1717 omnis
1043 1679 1091 1717 ad
1122 1678 1264 1718 undam

117 1735 322 1787 materies),
352 1737 424 1786 ipsi
452 1748 730 1787 numerumque
759 1738 997 1788 modumque
1027 1740 1164 1777 carinis

116 1796 359 1846 praecipiant,
390 1808 463 1834 nos
492 1809 578 1835 aera
606 1809 743 1835 manus
772 1798 920 1835 navalia
949 1798 1094 1836 demus.

116 1855 316 1893 Praeterea
347 1856 411 1905 qui
441 1856 541 1894 dicta
569 1857 689 1895 ferant
718 1864 754 1895 et
783 1858 937 1896 foedera
966 1858 1118 1895 firment
1439 1876 1502 1905 330

118 1923 272 1953 centum
301 1923 470 1954 oratores
500 1917 622 1966 prima
651 1917 698 1955 de
727 1925 840 1967 gente
871 1918 1027 1955 Latinos

117 1974 171 2011 ire
199 1973 323 2022 placet
350 1975 533 2025 pacisque
561 1989 678 2014 manu
707 1977 957 2026 praetendere
986 1988 1125 2022 ramos,

118 2045 278 2070 munera
305 2041 500 2083 portantes
529 2037 686 2086 aurique
715 2037 918 2086 eborisque
947 2036 1088 2074 talenta

119 2099 157 2130 et
185 2093 316 2130 sellam
344 2096 452 2144 regni
479 2096 725 2145 trabeamque
755 2096 919 2145 insignia
947 2096 1074 2134 nostri.

119 2152 317 2191 Consulite
345 2154 384 2190 in
413 2155 582 2192 medium
611 2162 648 2193 et
677 2156 788 2192 rebus
818 2157 1019 2193 succurrite
1050 2155 1182 2194 fessis.’

174 2212 279 2249 Tum
306 2212 478 2251 Drances
506 2215 609 2251 idem
638 2214 816 2260 infensus,
848 2226 962 2263 quem
992 2216 1112 2264 gloria
1141 2215 1263 2252 Turni

119 2273 275 2322 obliqua
302 2273 441 2310 invidia
469 2274 704 2323 stimulisque
735 2275 904 2322 agitabat
932 2277 1081 2322 amaris,

118 2331 247 2380 largus
275 2344 395 2381 opum
424 2338 461 2369 et
489 2333 619 2381 lingua
647 2333 792 2379 melior,
824 2334 890 2371 sed
919 2334 1055 2384 frigida
1083 2334 1183 2373 bello

120 2390 288 2436 dextera,
317 2390 484 2429 consiliis
513 2391 664 2429 habitus
695 2404 775 2429 non
804 2392 934 2431 futtilis
962 2402 1104 2440 auctor,

120 2449 307 2487 seditione
335 2457 474 2499 potens
504 2448 642 2501 (genus
671 2450 757 2489 huic
787 2459 959 2491 materna
988 2455 1192 2502 superbum
1439 2469 1500 2500 340

174 2531 260 2558 VOL.
279 2532 303 2557 1.
802 2535 827 2561 X

1438 2172 1497 2205 535
