<?xml version="1.0" encoding="UTF-8"?>
<!DOCTYPE html PUBLIC "-//W3C//DTD XHTML 1.0 Transitional//EN"
    "http://www.w3.org/TR/xhtml1/DTD/xhtml1-transitional.dtd">
<html xmlns="http://www.w3.org/1999/xhtml" xml:lang="en" lang="en">
 <head>
  <title>
</title>
<meta http-equiv="Content-Type" content="text/html;charset=utf-8" />
  <meta name='ocr-system' content='tesseract 3.04.00' />
  <meta name='ocr-capabilities' content='ocr_page ocr_carea ocr_par ocr_line ocrx_word'/>
</head>
<body>
  <div class='ocr_page' id='page_1' title='image "./operavirgilwithi01virguoft_0278.png"; bbox 0 0 1669 2737; ppageno 0'>
   <div class='ocr_carea' id='block_1_1' title="bbox 597 519 1073 583">
    <p class='ocr_par' dir='ltr' id='par_1_1' title="bbox 597 519 1073 583">
     <span class='ocr_line' id='line_1_1' title="bbox 597 519 1073 583; baseline 0.008 -4"><span class='ocrx_word' id='word_1_1' title='bbox 597 519 1073 583; x_wconf 80' lang='lat' dir='ltr'><strong>AENEIS.</strong></span> 
     </span>
    </p>
   </div>
   <div class='ocr_carea' id='block_1_2' title="bbox 491 703 1183 747">
    <p class='ocr_par' dir='ltr' id='par_1_2' title="bbox 491 703 1183 747">
     <span class='ocr_line' id='line_1_2' title="bbox 491 703 1183 747; baseline 0.003 -4"><span class='ocrx_word' id='word_1_2' title='bbox 491 703 725 744; x_wconf 89' lang='lat' dir='ltr'><strong>LIBER</strong></span> <span class='ocrx_word' id='word_1_3' title='bbox 778 704 1183 747; x_wconf 85' lang='lat' dir='ltr'><strong>SEPTIMUS.</strong></span> 
     </span>
    </p>
   </div>
   <div class='ocr_carea' id='block_1_3' title="bbox 149 826 1326 2467">
    <p class='ocr_par' dir='ltr' id='par_1_3' title="bbox 150 826 1115 876">
     <span class='ocr_line' id='line_1_3' title="bbox 150 826 1115 876; baseline 0.003 -12"><span class='ocrx_word' id='word_1_4' title='bbox 150 826 214 864; x_wconf 79' lang='lat' dir='ltr'>Tu</span> <span class='ocrx_word' id='word_1_5' title='bbox 244 838 396 876; x_wconf 90' lang='lat' dir='ltr'>quoque</span> <span class='ocrx_word' id='word_1_6' title='bbox 425 827 594 865; x_wconf 90' lang='lat' dir='ltr'>litoribus</span> <span class='ocrx_word' id='word_1_7' title='bbox 624 830 774 873; x_wconf 86' lang='lat' dir='ltr'>nostris,</span> <span class='ocrx_word' id='word_1_8' title='bbox 805 830 951 867; x_wconf 84' lang='lat' dir='ltr'>Aeneia</span> <span class='ocrx_word' id='word_1_9' title='bbox 981 832 1115 876; x_wconf 84' lang='lat' dir='ltr'>nutrix,</span> 
     </span>
    </p>

    <p class='ocr_par' dir='ltr' id='par_1_4' title="bbox 150 887 1081 936">
     <span class='ocr_line' id='line_1_4' title="bbox 150 887 1081 936; baseline 0.004 -14"><span class='ocrx_word' id='word_1_10' title='bbox 150 892 342 923; x_wconf 82' lang='lat' dir='ltr'>aeternam</span> <span class='ocrx_word' id='word_1_11' title='bbox 371 887 538 924; x_wconf 88' lang='lat' dir='ltr'>moriens</span> <span class='ocrx_word' id='word_1_12' title='bbox 568 887 720 932; x_wconf 87' lang='lat' dir='ltr'>sarnam,</span> <span class='ocrx_word' id='word_1_13' title='bbox 751 888 893 933; x_wconf 84' lang='lat' dir='ltr'>Caieta,</span> <span class='ocrx_word' id='word_1_14' title='bbox 924 889 1081 936; x_wconf 86' lang='lat' dir='ltr'>dedisti;</span> 
     </span>
    </p>

    <p class='ocr_par' dir='ltr' id='par_1_5' title="bbox 150 946 1267 997">
     <span class='ocr_line' id='line_1_5' title="bbox 150 946 1267 997; baseline 0.005 -17"><span class='ocrx_word' id='word_1_15' title='bbox 150 952 186 981; x_wconf 90' lang='lat' dir='ltr'>et</span> <span class='ocrx_word' id='word_1_16' title='bbox 214 956 316 981; x_wconf 91' lang='lat' dir='ltr'>nunc</span> <span class='ocrx_word' id='word_1_17' title='bbox 346 953 467 982; x_wconf 89' lang='lat' dir='ltr'>servat</span> <span class='ocrx_word' id='word_1_18' title='bbox 496 946 622 984; x_wconf 87' lang='lat' dir='ltr'>honos</span> <span class='ocrx_word' id='word_1_19' title='bbox 652 948 783 984; x_wconf 90' lang='lat' dir='ltr'>sedem</span> <span class='ocrx_word' id='word_1_20' title='bbox 813 955 898 984; x_wconf 91' lang='lat' dir='ltr'>tuus</span> <span class='ocrx_word' id='word_1_21' title='bbox 928 959 1092 997; x_wconf 84' lang='lat' dir='ltr'>ossaque</span> <span class='ocrx_word' id='word_1_22' title='bbox 1122 961 1267 986; x_wconf 89' lang='lat' dir='ltr'>nornen</span> 
     </span>
    </p>

    <p class='ocr_par' dir='ltr' id='par_1_6' title="bbox 150 1002 1239 1056">
     <span class='ocr_line' id='line_1_6' title="bbox 150 1002 1239 1056; baseline 0.004 -17"><span class='ocrx_word' id='word_1_23' title='bbox 150 1002 339 1051; x_wconf 89' lang='lat' dir='ltr'>Hesperia</span> <span class='ocrx_word' id='word_1_24' title='bbox 368 1004 406 1040; x_wconf 91' lang='lat' dir='ltr'>in</span> <span class='ocrx_word' id='word_1_25' title='bbox 436 1016 587 1053; x_wconf 87' lang='lat' dir='ltr'>magna,</span> <span class='ocrx_word' id='word_1_26' title='bbox 618 1005 648 1042; x_wconf 86' lang='lat' dir='ltr'>si</span> <span class='ocrx_word' id='word_1_27' title='bbox 677 1018 752 1054; x_wconf 91' lang='lat' dir='ltr'>qua</span> <span class='ocrx_word' id='word_1_28' title='bbox 783 1013 838 1043; x_wconf 89' lang='lat' dir='ltr'>est</span> <span class='ocrx_word' id='word_1_29' title='bbox 867 1019 912 1043; x_wconf 90' lang='lat' dir='ltr'>ea</span> <span class='ocrx_word' id='word_1_30' title='bbox 942 1006 1073 1054; x_wconf 84' lang='lat' dir='ltr'>gloria,</span> <span class='ocrx_word' id='word_1_31' title='bbox 1103 1008 1239 1056; x_wconf 88' lang='lat' dir='ltr'>signat.</span> 
     </span>
    </p>

    <p class='ocr_par' dir='ltr' id='par_1_7' title="bbox 149 1063 982 1111">
     <span class='ocr_line' id='line_1_7' title="bbox 149 1063 982 1111; baseline 0.004 -13"><span class='ocrx_word' id='word_1_32' title='bbox 149 1063 200 1098; x_wconf 82' lang='lat' dir='ltr'>At</span> <span class='ocrx_word' id='word_1_33' title='bbox 229 1063 312 1110; x_wconf 88' lang='lat' dir='ltr'>pius</span> <span class='ocrx_word' id='word_1_34' title='bbox 341 1064 531 1111; x_wconf 80' lang='lat' dir='ltr'>exsequiis</span> <span class='ocrx_word' id='word_1_35' title='bbox 561 1065 712 1101; x_wconf 84' lang='lat' dir='ltr'>Aeneas</span> <span class='ocrx_word' id='word_1_36' title='bbox 742 1065 809 1101; x_wconf 91' lang='lat' dir='ltr'>rite</span> <span class='ocrx_word' id='word_1_37' title='bbox 840 1065 982 1110; x_wconf 84' lang='lat' dir='ltr'>solutis,</span> 
     </span>
    </p>

    <p class='ocr_par' dir='ltr' id='par_1_8' title="bbox 151 1123 1254 1173">
     <span class='ocr_line' id='line_1_8' title="bbox 151 1123 1254 1173; baseline 0.003 -15"><span class='ocrx_word' id='word_1_38' title='bbox 151 1133 290 1170; x_wconf 85' lang='lat' dir='ltr'>aggere</span> <span class='ocrx_word' id='word_1_39' title='bbox 320 1123 534 1170; x_wconf 88' lang='lat' dir='ltr'>composito</span> <span class='ocrx_word' id='word_1_40' title='bbox 564 1124 709 1168; x_wconf 86' lang='lat' dir='ltr'>tumuli,</span> <span class='ocrx_word' id='word_1_41' title='bbox 740 1130 945 1173; x_wconf 85' lang='lat' dir='ltr'>postquam</span> <span class='ocrx_word' id='word_1_42' title='bbox 974 1124 1048 1161; x_wconf 87' lang='lat' dir='ltr'>alta</span> <span class='ocrx_word' id='word_1_43' title='bbox 1078 1125 1254 1173; x_wconf 89' lang='lat' dir='ltr'>quierunt</span> 
     </span>
    </p>

    <p class='ocr_par' dir='ltr' id='par_1_9' title="bbox 151 1181 1168 1232">
     <span class='ocr_line' id='line_1_9' title="bbox 151 1181 1168 1232; baseline 0.004 -16"><span class='ocrx_word' id='word_1_44' title='bbox 151 1192 327 1229; x_wconf 87' lang='lat' dir='ltr'>aequora,</span> <span class='ocrx_word' id='word_1_45' title='bbox 359 1181 478 1217; x_wconf 85' lang='lat' dir='ltr'>tendit</span> <span class='ocrx_word' id='word_1_46' title='bbox 506 1181 574 1218; x_wconf 86' lang='lat' dir='ltr'>iter</span> <span class='ocrx_word' id='word_1_47' title='bbox 602 1182 693 1219; x_wconf 89' lang='lat' dir='ltr'>velis</span> <span class='ocrx_word' id='word_1_48' title='bbox 722 1190 954 1232; x_wconf 81' lang='lat' dir='ltr'>portumque</span> <span class='ocrx_word' id='word_1_49' title='bbox 982 1184 1168 1232; x_wconf 89' lang='lat' dir='ltr'>relinquit.</span> 
     </span>
    </p>

    <p class='ocr_par' dir='ltr' id='par_1_10' title="bbox 150 1242 1195 1289">
     <span class='ocr_line' id='line_1_10' title="bbox 150 1242 1195 1289; baseline 0.003 -12"><span class='ocrx_word' id='word_1_50' title='bbox 150 1242 334 1289; x_wconf 77' lang='lat' dir='ltr'>Aspirant</span> <span class='ocrx_word' id='word_1_51' title='bbox 364 1253 475 1278; x_wconf 89' lang='lat' dir='ltr'>aurae</span> <span class='ocrx_word' id='word_1_52' title='bbox 505 1242 543 1278; x_wconf 89' lang='lat' dir='ltr'>in</span> <span class='ocrx_word' id='word_1_53' title='bbox 573 1249 738 1288; x_wconf 85' lang='lat' dir='ltr'>noctem,</span> <span class='ocrx_word' id='word_1_54' title='bbox 769 1255 841 1280; x_wconf 91' lang='lat' dir='ltr'>nec</span> <span class='ocrx_word' id='word_1_55' title='bbox 871 1242 1033 1279; x_wconf 87' lang='lat' dir='ltr'>candida</span> <span class='ocrx_word' id='word_1_56' title='bbox 1062 1255 1195 1280; x_wconf 88' lang='lat' dir='ltr'>cursus</span> 
     </span>
    </p>

    <p class='ocr_par' dir='ltr' id='par_1_11' title="bbox 152 1299 1261 1351">
     <span class='ocr_line' id='line_1_11' title="bbox 152 1299 1261 1351; baseline 0.003 -15"><span class='ocrx_word' id='word_1_57' title='bbox 152 1299 262 1336; x_wconf 90' lang='lat' dir='ltr'>Luna</span> <span class='ocrx_word' id='word_1_58' title='bbox 292 1307 416 1349; x_wconf 87' lang='lat' dir='ltr'>negat,</span> <span class='ocrx_word' id='word_1_59' title='bbox 447 1300 621 1349; x_wconf 86' lang='lat' dir='ltr'>splendet</span> <span class='ocrx_word' id='word_1_60' title='bbox 649 1301 809 1338; x_wconf 89' lang='lat' dir='ltr'>tremulo</span> <span class='ocrx_word' id='word_1_61' title='bbox 839 1302 909 1339; x_wconf 90' lang='lat' dir='ltr'>sub</span> <span class='ocrx_word' id='word_1_62' title='bbox 940 1302 1081 1339; x_wconf 88' lang='lat' dir='ltr'>lumine</span> <span class='ocrx_word' id='word_1_63' title='bbox 1111 1309 1261 1351; x_wconf 91' lang='lat' dir='ltr'>pontus.</span> 
     </span>
    </p>

    <p class='ocr_par' dir='ltr' id='par_1_12' title="bbox 151 1359 1049 1408">
     <span class='ocr_line' id='line_1_12' title="bbox 151 1359 1049 1408; baseline 0.002 -11"><span class='ocrx_word' id='word_1_64' title='bbox 151 1359 330 1398; x_wconf 85' lang='lat' dir='ltr'>Proxima</span> <span class='ocrx_word' id='word_1_65' title='bbox 359 1360 541 1398; x_wconf 87' lang='lat' dir='ltr'>Circaeae</span> <span class='ocrx_word' id='word_1_66' title='bbox 571 1361 752 1398; x_wconf 87' lang='lat' dir='ltr'>raduntur</span> <span class='ocrx_word' id='word_1_67' title='bbox 781 1362 889 1399; x_wconf 86' lang='lat' dir='ltr'>litora</span> <span class='ocrx_word' id='word_1_68' title='bbox 918 1369 1049 1408; x_wconf 88' lang='lat' dir='ltr'>terrae,</span> 
     </span>
    </p>

    <p class='ocr_par' dir='ltr' id='par_1_13' title="bbox 152 1420 965 1459">
     <span class='ocr_line' id='line_1_13' title="bbox 152 1420 965 1459; baseline 0.005 -4"><span class='ocrx_word' id='word_1_69' title='bbox 152 1420 255 1456; x_wconf 91' lang='lat' dir='ltr'>dives</span> <span class='ocrx_word' id='word_1_70' title='bbox 284 1421 502 1458; x_wconf 87' lang='lat' dir='ltr'>inaccessos</span> <span class='ocrx_word' id='word_1_71' title='bbox 531 1421 595 1457; x_wconf 91' lang='lat' dir='ltr'>ubi</span> <span class='ocrx_word' id='word_1_72' title='bbox 627 1421 724 1458; x_wconf 87' lang='lat' dir='ltr'>Solis</span> <span class='ocrx_word' id='word_1_73' title='bbox 754 1420 829 1458; x_wconf 90' lang='lat' dir='ltr'>filia</span> <span class='ocrx_word' id='word_1_74' title='bbox 857 1421 965 1459; x_wconf 91' lang='lat' dir='ltr'>lucos</span> 
     </span>
    </p>

    <p class='ocr_par' dir='ltr' id='par_1_14' title="bbox 151 1479 1048 1529">
     <span class='ocr_line' id='line_1_14' title="bbox 151 1479 1048 1529; baseline 0.001 -13"><span class='ocrx_word' id='word_1_75' title='bbox 151 1479 305 1516; x_wconf 88' lang='lat' dir='ltr'>assiduo</span> <span class='ocrx_word' id='word_1_76' title='bbox 334 1486 485 1516; x_wconf 87' lang='lat' dir='ltr'>resonat</span> <span class='ocrx_word' id='word_1_77' title='bbox 516 1488 627 1517; x_wconf 89' lang='lat' dir='ltr'>cantu</span> <span class='ocrx_word' id='word_1_78' title='bbox 657 1481 842 1529; x_wconf 85' lang='lat' dir='ltr'>tectisque</span> <span class='ocrx_word' id='word_1_79' title='bbox 874 1481 1048 1529; x_wconf 86' lang='lat' dir='ltr'>superbis</span> 
     </span>
    </p>

    <p class='ocr_par' dir='ltr' id='par_1_15' title="bbox 152 1539 1104 1586">
     <span class='ocr_line' id='line_1_15' title="bbox 152 1539 1104 1586; baseline 0.003 -12"><span class='ocrx_word' id='word_1_80' title='bbox 152 1539 223 1574; x_wconf 92' lang='lat' dir='ltr'>urit</span> <span class='ocrx_word' id='word_1_81' title='bbox 252 1539 451 1575; x_wconf 87' lang='lat' dir='ltr'>odoratam</span> <span class='ocrx_word' id='word_1_82' title='bbox 480 1547 667 1576; x_wconf 90' lang='lat' dir='ltr'>nocturna</span> <span class='ocrx_word' id='word_1_83' title='bbox 696 1539 734 1576; x_wconf 92' lang='lat' dir='ltr'>in</span> <span class='ocrx_word' id='word_1_84' title='bbox 764 1539 907 1577; x_wconf 89' lang='lat' dir='ltr'>lumina</span> <span class='ocrx_word' id='word_1_85' title='bbox 936 1540 1104 1586; x_wconf 84' lang='lat' dir='ltr'>cedrum,</span> 
     </span>
    </p>

    <p class='ocr_par' dir='ltr' id='par_1_16' title="bbox 153 1599 1012 1647">
     <span class='ocr_line' id='line_1_16' title="bbox 153 1599 1012 1647; baseline 0 -10"><span class='ocrx_word' id='word_1_86' title='bbox 153 1605 289 1646; x_wconf 87' lang='lat' dir='ltr'>arguto</span> <span class='ocrx_word' id='word_1_87' title='bbox 318 1606 448 1636; x_wconf 88' lang='lat' dir='ltr'>tenues</span> <span class='ocrx_word' id='word_1_88' title='bbox 477 1611 699 1647; x_wconf 89' lang='lat' dir='ltr'>percurrens</span> <span class='ocrx_word' id='word_1_89' title='bbox 729 1599 879 1647; x_wconf 89' lang='lat' dir='ltr'>pectine</span> <span class='ocrx_word' id='word_1_90' title='bbox 909 1600 1012 1637; x_wconf 89' lang='lat' dir='ltr'>telas.</span> 
     </span>
    </p>

    <p class='ocr_par' dir='ltr' id='par_1_17' title="bbox 153 1657 1013 1707">
     <span class='ocr_line' id='line_1_17' title="bbox 153 1657 1013 1707; baseline 0 -12"><span class='ocrx_word' id='word_1_91' title='bbox 153 1659 257 1695; x_wconf 90' lang='lat' dir='ltr'>Hinc</span> <span class='ocrx_word' id='word_1_92' title='bbox 287 1657 455 1694; x_wconf 86' lang='lat' dir='ltr'>exaudiri</span> <span class='ocrx_word' id='word_1_93' title='bbox 485 1659 648 1707; x_wconf 86' lang='lat' dir='ltr'>gemitus</span> <span class='ocrx_word' id='word_1_94' title='bbox 676 1658 829 1706; x_wconf 89' lang='lat' dir='ltr'>iraeque</span> <span class='ocrx_word' id='word_1_95' title='bbox 858 1658 1013 1695; x_wconf 90' lang='lat' dir='ltr'>leonum</span> 
     </span>
    </p>

    <p class='ocr_par' dir='ltr' id='par_1_18' title="bbox 151 1717 1208 1763">
     <span class='ocr_line' id='line_1_18' title="bbox 151 1717 1208 1763; baseline 0.002 -10"><span class='ocrx_word' id='word_1_96' title='bbox 151 1717 275 1754; x_wconf 89' lang='lat' dir='ltr'>vincla</span> <span class='ocrx_word' id='word_1_97' title='bbox 302 1724 543 1754; x_wconf 87' lang='lat' dir='ltr'>recusantum</span> <span class='ocrx_word' id='word_1_98' title='bbox 574 1724 610 1753; x_wconf 90' lang='lat' dir='ltr'>et</span> <span class='ocrx_word' id='word_1_99' title='bbox 640 1729 722 1754; x_wconf 91' lang='lat' dir='ltr'>sera</span> <span class='ocrx_word' id='word_1_100' title='bbox 751 1718 821 1754; x_wconf 89' lang='lat' dir='ltr'>sub</span> <span class='ocrx_word' id='word_1_101' title='bbox 851 1725 964 1755; x_wconf 90' lang='lat' dir='ltr'>nocte</span> <span class='ocrx_word' id='word_1_102' title='bbox 993 1718 1208 1763; x_wconf 88' lang='lat' dir='ltr'>rudentum,</span> 
     </span>
    </p>

    <p class='ocr_par' dir='ltr' id='par_1_19' title="bbox 152 1776 1112 1825">
     <span class='ocr_line' id='line_1_19' title="bbox 152 1776 1112 1825; baseline -0.002 -11"><span class='ocrx_word' id='word_1_103' title='bbox 152 1776 403 1825; x_wconf 86' lang='lat' dir='ltr'>saetigerique</span> <span class='ocrx_word' id='word_1_104' title='bbox 433 1788 518 1813; x_wconf 90' lang='lat' dir='ltr'>sues</span> <span class='ocrx_word' id='word_1_105' title='bbox 549 1783 662 1825; x_wconf 90' lang='lat' dir='ltr'>atque</span> <span class='ocrx_word' id='word_1_106' title='bbox 692 1776 730 1813; x_wconf 91' lang='lat' dir='ltr'>in</span> <span class='ocrx_word' id='word_1_107' title='bbox 759 1778 1006 1825; x_wconf 87' lang='lat' dir='ltr'>praesepibus</span> <span class='ocrx_word' id='word_1_108' title='bbox 1035 1777 1112 1813; x_wconf 85' lang='lat' dir='ltr'>ursi</span> 
     </span>
    </p>

    <p class='ocr_par' dir='ltr' id='par_1_20' title="bbox 153 1835 1191 1884">
     <span class='ocr_line' id='line_1_20' title="bbox 153 1835 1191 1884; baseline -0.001 -12"><span class='ocrx_word' id='word_1_109' title='bbox 153 1836 296 1872; x_wconf 79' lang='lat' dir='ltr'>saevire</span> <span class='ocrx_word' id='word_1_110' title='bbox 325 1847 369 1872; x_wconf 90' lang='lat' dir='ltr'>ac</span> <span class='ocrx_word' id='word_1_111' title='bbox 399 1835 545 1872; x_wconf 87' lang='lat' dir='ltr'>formae</span> <span class='ocrx_word' id='word_1_112' title='bbox 574 1848 803 1884; x_wconf 87' lang='lat' dir='ltr'>magnorum</span> <span class='ocrx_word' id='word_1_113' title='bbox 833 1836 974 1873; x_wconf 87' lang='lat' dir='ltr'>ululare</span> <span class='ocrx_word' id='word_1_114' title='bbox 1005 1835 1191 1883; x_wconf 87' lang='lat' dir='ltr'>luporum,</span> 
     </span>
    </p>

    <p class='ocr_par' dir='ltr' id='par_1_21' title="bbox 152 1893 1326 1944">
     <span class='ocr_line' id='line_1_21' title="bbox 152 1893 1326 1944; baseline -0.001 -13"><span class='ocrx_word' id='word_1_115' title='bbox 152 1907 250 1944; x_wconf 91' lang='lat' dir='ltr'>quos</span> <span class='ocrx_word' id='word_1_116' title='bbox 280 1894 480 1931; x_wconf 90' lang='lat' dir='ltr'>hominum</span> <span class='ocrx_word' id='word_1_117' title='bbox 509 1907 555 1932; x_wconf 87' lang='lat' dir='ltr'>ex</span> <span class='ocrx_word' id='word_1_118' title='bbox 584 1894 679 1932; x_wconf 82' lang='lat' dir='ltr'>facie</span> <span class='ocrx_word' id='word_1_119' title='bbox 709 1895 780 1932; x_wconf 88' lang='lat' dir='ltr'>dea</span> <span class='ocrx_word' id='word_1_120' title='bbox 810 1907 921 1932; x_wconf 88' lang='lat' dir='ltr'>saeva</span> <span class='ocrx_word' id='word_1_121' title='bbox 951 1895 1171 1943; x_wconf 88' lang='lat' dir='ltr'>potentibus</span> <span class='ocrx_word' id='word_1_122' title='bbox 1201 1893 1326 1930; x_wconf 85' lang='lat' dir='ltr'>herbis</span> 
     </span>
    </p>

    <p class='ocr_par' dir='ltr' id='par_1_22' title="bbox 153 1954 1097 2003">
     <span class='ocr_line' id='line_1_22' title="bbox 153 1954 1097 2003; baseline -0.001 -12"><span class='ocrx_word' id='word_1_123' title='bbox 153 1955 327 1991; x_wconf 87' lang='lat' dir='ltr'>induerat</span> <span class='ocrx_word' id='word_1_124' title='bbox 356 1954 467 1991; x_wconf 81' lang='lat' dir='ltr'>Circe</span> <span class='ocrx_word' id='word_1_125' title='bbox 496 1955 535 1991; x_wconf 92' lang='lat' dir='ltr'>in</span> <span class='ocrx_word' id='word_1_126' title='bbox 564 1955 685 1992; x_wconf 91' lang='lat' dir='ltr'>vultus</span> <span class='ocrx_word' id='word_1_127' title='bbox 716 1967 761 1992; x_wconf 86' lang='lat' dir='ltr'>ac</span> <span class='ocrx_word' id='word_1_128' title='bbox 790 1961 897 2003; x_wconf 91' lang='lat' dir='ltr'>terga</span> <span class='ocrx_word' id='word_1_129' title='bbox 925 1954 1097 1991; x_wconf 88' lang='lat' dir='ltr'>ferarum.</span> 
     </span>
    </p>

    <p class='ocr_par' dir='ltr' id='par_1_23' title="bbox 152 2012 1138 2062">
     <span class='ocr_line' id='line_1_23' title="bbox 152 2012 1138 2062; baseline -0.001 -12"><span class='ocrx_word' id='word_1_130' title='bbox 152 2014 263 2059; x_wconf 84' lang='lat' dir='ltr'>Quae</span> <span class='ocrx_word' id='word_1_131' title='bbox 293 2026 340 2050; x_wconf 90' lang='lat' dir='ltr'>ne</span> <span class='ocrx_word' id='word_1_132' title='bbox 370 2020 541 2051; x_wconf 88' lang='lat' dir='ltr'>monstra</span> <span class='ocrx_word' id='word_1_133' title='bbox 569 2014 620 2062; x_wconf 92' lang='lat' dir='ltr'>pii</span> <span class='ocrx_word' id='word_1_134' title='bbox 650 2020 868 2062; x_wconf 89' lang='lat' dir='ltr'>paterentur</span> <span class='ocrx_word' id='word_1_135' title='bbox 897 2013 983 2050; x_wconf 88' lang='lat' dir='ltr'>talia</span> <span class='ocrx_word' id='word_1_136' title='bbox 1013 2012 1138 2050; x_wconf 91' lang='lat' dir='ltr'>Troes</span> 
     </span>
    </p>

    <p class='ocr_par' dir='ltr' id='par_1_24' title="bbox 152 2073 1063 2122">
     <span class='ocr_line' id='line_1_24' title="bbox 152 2073 1063 2122; baseline 0 -12"><span class='ocrx_word' id='word_1_137' title='bbox 152 2074 265 2110; x_wconf 89' lang='lat' dir='ltr'>delati</span> <span class='ocrx_word' id='word_1_138' title='bbox 294 2074 331 2109; x_wconf 89' lang='lat' dir='ltr'>in</span> <span class='ocrx_word' id='word_1_139' title='bbox 361 2080 503 2122; x_wconf 87' lang='lat' dir='ltr'>portus,</span> <span class='ocrx_word' id='word_1_140' title='bbox 533 2085 607 2110; x_wconf 88' lang='lat' dir='ltr'>neu</span> <span class='ocrx_word' id='word_1_141' title='bbox 637 2074 745 2110; x_wconf 86' lang='lat' dir='ltr'>litora</span> <span class='ocrx_word' id='word_1_142' title='bbox 775 2074 855 2110; x_wconf 90' lang='lat' dir='ltr'>dira</span> <span class='ocrx_word' id='word_1_143' title='bbox 884 2073 1063 2118; x_wconf 88' lang='lat' dir='ltr'>subirent,</span> 
     </span>
    </p>

    <p class='ocr_par' dir='ltr' id='par_1_25' title="bbox 152 2131 1021 2181">
     <span class='ocr_line' id='line_1_25' title="bbox 152 2131 1021 2181; baseline 0.001 -13"><span class='ocrx_word' id='word_1_144' title='bbox 152 2131 357 2180; x_wconf 89' lang='lat' dir='ltr'>Neptunus</span> <span class='ocrx_word' id='word_1_145' title='bbox 386 2133 505 2169; x_wconf 84' lang='lat' dir='ltr'>ventis</span> <span class='ocrx_word' id='word_1_146' title='bbox 534 2132 703 2181; x_wconf 86' lang='lat' dir='ltr'>implevit</span> <span class='ocrx_word' id='word_1_147' title='bbox 732 2132 813 2169; x_wconf 90' lang='lat' dir='ltr'>vela</span> <span class='ocrx_word' id='word_1_148' title='bbox 843 2132 1021 2169; x_wconf 88' lang='lat' dir='ltr'>secundis</span> 
     </span>
    </p>

    <p class='ocr_par' dir='ltr' id='par_1_26' title="bbox 153 2190 1316 2298">
     <span class='ocr_line' id='line_1_26' title="bbox 153 2190 1235 2239; baseline 0 -12"><span class='ocrx_word' id='word_1_149' title='bbox 153 2199 266 2239; x_wconf 85' lang='lat' dir='ltr'>atque</span> <span class='ocrx_word' id='word_1_150' title='bbox 296 2191 426 2239; x_wconf 87' lang='lat' dir='ltr'>sugam</span> <span class='ocrx_word' id='word_1_151' title='bbox 456 2191 559 2228; x_wconf 89' lang='lat' dir='ltr'>dedit</span> <span class='ocrx_word' id='word_1_152' title='bbox 587 2198 623 2228; x_wconf 91' lang='lat' dir='ltr'>et</span> <span class='ocrx_word' id='word_1_153' title='bbox 653 2198 799 2239; x_wconf 89' lang='lat' dir='ltr'>praeter</span> <span class='ocrx_word' id='word_1_154' title='bbox 828 2191 924 2228; x_wconf 90' lang='lat' dir='ltr'>vada</span> <span class='ocrx_word' id='word_1_155' title='bbox 954 2190 1094 2227; x_wconf 87' lang='lat' dir='ltr'>fervida</span> <span class='ocrx_word' id='word_1_156' title='bbox 1124 2191 1235 2227; x_wconf 83' lang='lat' dir='ltr'>vexit.</span> 
     </span>
     <span class='ocr_line' id='line_1_27' title="bbox 206 2248 1316 2298; baseline -0.001 -12"><span class='ocrx_word' id='word_1_157' title='bbox 206 2249 366 2298; x_wconf 87' lang='lat' dir='ltr'>Iamque</span> <span class='ocrx_word' id='word_1_158' title='bbox 394 2250 618 2288; x_wconf 87' lang='lat' dir='ltr'>rubescebat</span> <span class='ocrx_word' id='word_1_159' title='bbox 646 2250 759 2287; x_wconf 89' lang='lat' dir='ltr'>radiis</span> <span class='ocrx_word' id='word_1_160' title='bbox 787 2262 890 2287; x_wconf 88' lang='lat' dir='ltr'>mare</span> <span class='ocrx_word' id='word_1_161' title='bbox 918 2257 954 2286; x_wconf 89' lang='lat' dir='ltr'>et</span> <span class='ocrx_word' id='word_1_162' title='bbox 983 2248 1135 2286; x_wconf 86' lang='lat' dir='ltr'>aethere</span> <span class='ocrx_word' id='word_1_163' title='bbox 1164 2250 1212 2286; x_wconf 90' lang='lat' dir='ltr'>ab</span> <span class='ocrx_word' id='word_1_164' title='bbox 1240 2248 1316 2285; x_wconf 89' lang='lat' dir='ltr'>alto</span> 
     </span>
    </p>

    <p class='ocr_par' dir='ltr' id='par_1_27' title="bbox 152 2309 993 2358">
     <span class='ocr_line' id='line_1_28' title="bbox 152 2309 993 2358; baseline -0.002 -11"><span class='ocrx_word' id='word_1_165' title='bbox 152 2311 301 2347; x_wconf 91' lang='lat' dir='ltr'>Aurora</span> <span class='ocrx_word' id='word_1_166' title='bbox 331 2310 368 2345; x_wconf 91' lang='lat' dir='ltr'>in</span> <span class='ocrx_word' id='word_1_167' title='bbox 398 2310 517 2346; x_wconf 91' lang='lat' dir='ltr'>roseis</span> <span class='ocrx_word' id='word_1_168' title='bbox 546 2309 714 2358; x_wconf 86' lang='lat' dir='ltr'>fulgebat</span> <span class='ocrx_word' id='word_1_169' title='bbox 744 2310 843 2346; x_wconf 85' lang='lat' dir='ltr'>lutea</span> <span class='ocrx_word' id='word_1_170' title='bbox 872 2309 993 2357; x_wconf 89' lang='lat' dir='ltr'>bigis:</span> 
     </span>
    </p>

    <p class='ocr_par' dir='ltr' id='par_1_28' title="bbox 152 2367 1144 2417">
     <span class='ocr_line' id='line_1_29' title="bbox 152 2367 1144 2417; baseline -0.002 -11"><span class='ocrx_word' id='word_1_171' title='bbox 152 2381 239 2406; x_wconf 87' lang='lat' dir='ltr'>curn</span> <span class='ocrx_word' id='word_1_172' title='bbox 268 2369 368 2405; x_wconf 90' lang='lat' dir='ltr'>venti</span> <span class='ocrx_word' id='word_1_173' title='bbox 399 2379 561 2416; x_wconf 88' lang='lat' dir='ltr'>posuere</span> <span class='ocrx_word' id='word_1_174' title='bbox 590 2368 792 2417; x_wconf 81' lang='lat' dir='ltr'>omnisque</span> <span class='ocrx_word' id='word_1_175' title='bbox 822 2374 977 2416; x_wconf 91' lang='lat' dir='ltr'>repente</span> <span class='ocrx_word' id='word_1_176' title='bbox 1006 2367 1144 2405; x_wconf 87' lang='lat' dir='ltr'>resedit</span> 
     </span>
    </p>

    <p class='ocr_par' dir='ltr' id='par_1_29' title="bbox 152 2428 1137 2467">
     <span class='ocr_line' id='line_1_30' title="bbox 152 2428 1137 2467; baseline -0.002 0"><span class='ocrx_word' id='word_1_177' title='bbox 152 2430 262 2467; x_wconf 86' lang='lat' dir='ltr'>flatus</span> <span class='ocrx_word' id='word_1_178' title='bbox 291 2436 328 2466; x_wconf 88' lang='lat' dir='ltr'>et</span> <span class='ocrx_word' id='word_1_179' title='bbox 357 2430 395 2465; x_wconf 91' lang='lat' dir='ltr'>in</span> <span class='ocrx_word' id='word_1_180' title='bbox 425 2428 526 2466; x_wconf 89' lang='lat' dir='ltr'>lento</span> <span class='ocrx_word' id='word_1_181' title='bbox 558 2429 744 2466; x_wconf 77' lang='lat' dir='ltr'>luctantur</span> <span class='ocrx_word' id='word_1_182' title='bbox 774 2440 961 2466; x_wconf 82' lang='lat' dir='ltr'>marmore</span> <span class='ocrx_word' id='word_1_183' title='bbox 992 2435 1137 2465; x_wconf 84' lang='lat' dir='ltr'>tonsae.</span> 
     </span>
    </p>
   </div>
   <div class='ocr_carea' id='block_1_4' title="bbox 1497 1376 1535 1398">
    <p class='ocr_par' dir='ltr' id='par_1_30' title="bbox 1497 1376 1535 1398">
     <span class='ocr_line' id='line_1_31' title="bbox 1497 1376 1535 1398; baseline 0 0"><span class='ocrx_word' id='word_1_184' title='bbox 1497 1376 1535 1398; x_wconf 88' lang='lat'>10</span> 
     </span>
    </p>
   </div>
   <div class='ocr_carea' id='block_1_5' title="bbox 1495 1968 1534 1989">
    <p class='ocr_par' dir='ltr' id='par_1_31' title="bbox 1495 1968 1534 1989">
     <span class='ocr_line' id='line_1_32' title="bbox 1495 1968 1534 1989; baseline -0.026 0"><span class='ocrx_word' id='word_1_185' title='bbox 1495 1968 1534 1989; x_wconf 90' lang='grc'>20</span> 
     </span>
    </p>
   </div>
  </div>
 </body>
</html>
