1669 2737
515 83 682 119 LIBER
718 85 826 121 VIII.
861 79 886 118 6
894 92 910 119 1
919 79 1002 130 4-6
1008 93 1074 135 93.

102 188 368 240 Romuleoque
395 204 528 230 recens
557 192 734 230 horrebat
763 193 867 242 regia
897 193 1035 230 culmo.

101 255 214 298 atque
242 250 303 287 hic
332 251 470 288 auratis
499 251 659 289 volitans
688 260 890 301 argenteus
921 264 1033 288 anser

102 309 309 357 porticibus
339 309 470 348 Gallos
499 311 694 348 in'limine
723 311 857 348 adesse
887 312 1076 348 canebat:

103 366 202 404 Galli
230 380 299 417 per
328 368 466 406 dumos
496 370 652 407 aderant
682 382 885 418 arcemque
915 370 1108 414 tenebant,

103 426 247 463 defensi
275 428 439 465 tenebris
469 436 505 465 et
534 429 638 466 dono
667 429 790 466 noctis
821 440 989 477 opacae:

103 497 215 522 aurea
243 487 428 523 caesaries
458 487 541 524 ollis
570 494 682 537 atque
713 500 826 525 aurea
855 488 992 534 vestis3

102 544 254 592 virgatis
284 544 411 582 lucent
441 546 592 595 sagulis,
622 554 702 584 tum
731 547 851 584 lactea
880 547 978 584 colla

102 615 194 640 auro
223 604 477 650 innectuntur,
507 606 584 642 duo
614 607 773 655 quisque
803 606 944 654 Alpina
973 611 1178 643 coruscant

102 675 218 711 gaesa
248 676 375 709 manu,
405 664 521 702 scutis
550 666 710 713 protecti
741 677 902 713 corpora
932 665 1070 714 longis.

102 723 180 760 Hic
209 724 438 761 exsultantes
469 724 591 762 Salios
620 725 821 774 nudosque
851 725 1050 774 Lupercos

101 783 365 831 lanigerosque
396 783 523 831 apices
553 790 589 820 et
618 783 725 832 lapsa
753 784 890 821 ancilia
919 785 1026 822 caelo

103 842 323 889 extuderat3
363 851 489 880 castae
519 843 710 880 ducebant
740 855 846 881 sacra
875 857 942 893 per
972 845 1105 881 urbem

102 901 250 950 pilentis
279 909 419 940 matres
448 903 487 939 in
516 903 705 940 mollibus.
765 903 869 941 Hinc
899 904 1034 952 procul
1063 904 1167 941 addit

103 961 307 999 Tartareas
337 963 450 999 etiam
479 963 602 1008 sedes,
633 963 706 1000 alta
736 964 832 1000 ostia
862 963 971 1009 Ditis,

103 1028 139 1058 et
167 1021 352 1059 scelerum
382 1034 528 1071 poenas
558 1030 595 1059 et
622 1029 669 1068 te,
701 1021 876 1069 Catilina,
907 1023 1047 1060 minaci

102 1082 334 1130 pendentem
363 1082 522 1132 scopulo
552 1083 826 1132 Furiarumque
856 1096 924 1120 ora
953 1090 1190 1129 trementem,

103 1148 345 1191 secretosque
374 1142 470 1191 pios,
500 1141 559 1178 his
589 1142 743 1178 dantem
772 1143 853 1178 iura
883 1141 1083 1179 Catonem.

104 1199 216 1238 Haec
245 1201 341 1238 inter
369 1202 505 1239 tumidi
533 1201 605 1238 late
634 1202 750 1239 maris
779 1202 856 1238 ibat
884 1201 1014 1251 imago

103 1271 228 1305 aurea,
259 1260 327 1297 sed
355 1260 471 1297 fluctu
500 1262 730 1309 spumabant
758 1261 908 1298 caerula
937 1273 1033 1298 cano
1048 1274 1059 1308 3

103 1326 140 1355 et
169 1319 311 1356 circum
340 1325 498 1368 argento
528 1319 617 1356 clari
647 1320 846 1368 delphines
877 1321 915 1356 in
945 1321 1077 1357 orbem

104 1390 271 1428 aequora
298 1380 495 1416 verrebant
523 1379 654 1416 caudis
683 1386 905 1428 aestumque
935 1381 1126 1417 secabant.

103 1436 150 1474 In
178 1437 306 1474 medio
336 1438 477 1474 classes
506 1444 664 1482 aeratas,
695 1438 806 1475 Actia
834 1439 944 1484 bella,

103 1508 257 1534 cernere
286 1503 605 1546 erat„totumque
634 1498 817 1534 instructo
848 1497 972 1535 Marte
1001 1498 1147 1534 videres

103 1555 244 1593 fervere
272 1555 467 1593 Leucaten
496 1568 667 1605 auroque
696 1557 878 1606 effulgere
907 1557 1057 1594 fluctus.

103 1614 209 1652 Hinc
237 1615 435 1664 Augustus
465 1627 585 1664 agens
615 1615 732 1653 Italos
761 1617 800 1652 in
829 1617 973 1664 proelia
1003 1615 1144 1653 Caesar

103 1686 192 1711 cum
219 1674 390 1722 patribus
419 1674 652 1723 populoque,
683 1675 882 1723 penatibus
913 1682 949 1712 et
979 1676 1128 1723 magnis
1160 1675 1227 1719 dis,

103 1740 208 1770 stans
232 1732 333 1770 celsa
361 1733 400 1769 in
428 1734 569 1782 puppi3
609 1734 783 1782 geminas
812 1735 872 1771 cui
901 1741 1075 1782 tempora
1105 1734 1278 1771 flammas

103 1793 200 1830 laeta
228 1799 386 1829 vomunt
413 1793 655 1841 patriumque
685 1793 849 1841 aperitur
878 1794 1015 1830 vertice
1045 1794 1158 1830 sidus.

103 1851 214 1889 Parte
243 1852 315 1889 alia
342 1853 465 1889 ventis
493 1859 530 1889 et
559 1843 616 1889 d'is
645 1853 818 1901 Agrippa
847 1853 1024 1890 secundis

104 1912 243 1949 arduus
272 1924 412 1961 agmen
441 1924 583 1960 agens:
624 1912 693 1957 cui,
724 1912 812 1948 belli
843 1912 992 1960 insigne
1023 1912 1239 1960 superbum,

104 1978 278 2019 tempora
305 1971 427 2008 navali
456 1971 604 2019 fulgent
633 1978 792 2008 rostrata
822 1983 974 2008 corona.

105 2030 210 2067 Hinc
239 2042 314 2079 ope
343 2030 538 2067 barbarica
566 2030 751 2079 variisque
781 2031 972 2068 Antonius
1002 2031 1127 2076 armis,

104 2090 223 2126 victor
251 2090 300 2126 ab
329 2091 501 2127 Aurorae
530 2090 683 2138 populis
713 2097 750 2127 et
778 2090 886 2127 litore
917 2091 1042 2135 rubro,

105 2149 327 2197 Aegyptum
355 2149 529 2198 viresque
559 2148 725 2186 Orientis
756 2156 792 2186 et
821 2149 954 2186 ultima
983 2161 1115 2186 secum

105 2208 241 2246 Bactra
269 2208 378 2253 vehit,
409 2209 653 2258 sequiturque
684 2208 824 2258 (nefas)
853 2210 1046 2258 Aegyptia
1075 2210 1255 2247 coniunx.

105 2268 196 2306 Una
224 2280 360 2305 omnes
389 2280 509 2313 ruere,
540 2281 585 2306 ac
614 2275 737 2305 totum
768 2281 947 2317 spumare
977 2269 1143 2307 reductis
1193 2297 1198 2303 ,

106 2327 332 2365 convulsum
360 2328 475 2365 remis
503 2327 709 2376 rostrisque
739 2328 963 2365 tridentibus
994 2340 1148 2377 aequor.

105 2387 195 2423 Alta
223 2392 380 2435 petunt:
420 2386 558 2435 pelago
589 2386 721 2423 credas
750 2386 882 2424 innare
912 2387 1079 2425 revulsas

107 2445 295 2494 Cycladas
324 2453 387 2482 aut
415 2454 567 2482 montes
598 2457 824 2482 concurrere
853 2447 1048 2485 montibus
1079 2446 1187 2493 altos,

106 2510 211 2542 tanta
238 2503 340 2541 mole
369 2504 435 2541 viri
463 2503 601 2541 turritis
630 2504 823 2553 puppibus
853 2504 1003 2542 instant.

1430 552 1492 583 660

1430 849 1490 889 665

1428 1740 1491 1771 680

1428 2035 1488 2076 685

1433 2333 1494 2373 690
