1669 2737
617 99 785 135 LIBER
813 100 869 135 Η.
906 94 1026 146 1-,67.

130 205 207 245 Hic
234 206 432 257 Dolopum
460 219 607 254 manus,
638 208 699 246 hic
728 220 862 245 saevus
890 208 1073 246 tendebat
1102 208 1282 255 Achilles,

128 266 312 304 elassibus
340 267 401 304 hic
429 266 548 312 locus,
577 267 638 304 hic
666 267 746 305 acie
776 274 919 304 certare
949 268 1134 305 solebant.

127 324 220 363 Pars
248 332 374 375 stupet
401 326 585 375 innuptae
614 326 760 364 donum
790 326 937 364 exitiale
966 326 1173 372 Minervae,

127 390 164 421 et
191 384 336 422 molem
364 385 547 422 mirantur
574 386 662 434 equi
676 399 687 432 3
727 386 950 435 primusque
981 385 1218 435 Thymoetes

127 442 214 481 duci
242 443 338 481 intra
365 456 496 482 muros
524 443 695 481 hortatur
723 452 760 482 et
788 457 873 482 arce
901 445 1028 492 locari,

127 501 204 539 sive
231 502 321 540 dolo
350 514 418 540 seu
446 503 523 540 iam
551 503 692 541 Troiae
721 504 774 541 sic
803 503 880 541 fata
909 503 1091 542 ferebant.

125 562 177 599 At
205 560 335 612 Capys
365 570 401 600 et
429 575 593 612 quorum
621 563 754 601 melior
783 565 971 601 sententia
999 565 1119 602 menti

126 627 190 658 aut
218 621 356 670 pelago
385 622 564 660 Danaum
592 623 747 660 insidias
777 630 1030 673 suspectaque
1060 624 1165 662 dona

124 681 372 730 praecipitare
400 681 531 719 iubent
560 683 816 732 subiectisque
845 695 951 720 urere
980 683 1157 729 flammis,

125 745 189 776 aut
217 741 405 778 terebrare
435 753 547 779 cavas
575 742 669 778 uteri
697 748 735 779 et
763 749 948 791 temptare
977 742 1152 780 latebras.

125 797 315 836 Scinditur
341 800 528 837 incertum
557 801 682 839 studia
709 802 748 838 in
777 802 965 839 contraria
993 802 1139 851 vulgus.

178 857 349 897 ‘Primus
376 859 428 896 ibi
456 866 544 899 ante
573 872 721 905 ornnes,
752 872 895 910 magna
923 862 1131 898 comitante
1161 867 1322 906 caterva,

123 915 311 955 Laocoon
340 918 478 956 ardens
507 931 657 956 summa
685 919 847 957 decurrit
876 921 924 957 ab
954 932 1039 958 arce

122 982 159 1014 et
187 977 323 1025 procul
353 977 423 1015 “O
451 978 589 1025 miseri,
620 991 718 1028 quae
746 985 850 1016 tanta
879 979 1038 1025 insania,
1069 980 1195 1018 cives?

122 1036 273 1074 creditis
302 1043 455 1075 avectos
484 1037 615 1075 hostes
643 1044 707 1075 aut
734 1038 811 1075 ulla
839 1040 979 1088 putatis

121 1094 225 1133 dona
253 1107 381 1134 carere
408 1096 506 1134 dolis
535 1096 742 1135 Danaum?
781 1098 834 1135 sic
863 1106 977 1136 notus
1006 1098 1164 1136 Ulixes?

121 1161 186 1191 aut
213 1154 288 1192 hoc
317 1155 451 1193 inclusi
480 1156 585 1205 ligno
615 1156 853 1194 occultantur
881 1157 1016 1195 Achivi

120 1220 185 1250 aut
212 1213 308 1251 haec
336 1215 376 1252 in
405 1221 558 1253 nostros
586 1215 767 1252 fabricata
796 1223 854 1253 est
881 1217 1060 1254 maehina
1091 1228 1221 1254 muros

120 1274 338 1322 inspectura
367 1273 507 1312 domos
536 1282 769 1324 venturaque
799 1275 963 1325 desuper
992 1276 1085 1321 urbi,

120 1339 185 1369 aut
213 1332 348 1381 aliquis
376 1332 467 1370 latet
495 1345 620 1371 error:
660 1346 762 1384 equo
791 1347 841 1372 ne
869 1335 1020 1381 credite,
1051 1334 1213 1372 Teucri:

119 1391 305 1441 quidquid
332 1392 372 1429 id
399 1399 467 1438 est,
496 1393 613 1430 timeo
642 1393 802 1432 Danaos
832 1400 869 1432 et
898 1395 1001 1432 dona
1030 1393 1225 1432 ferentes.”

121 1450 183 1488 Sic
212 1450 312 1488 fatus
341 1451 473 1489 validis
502 1452 699 1501 ingentem
727 1454 868 1490 viribus
896 1453 1045 1491 hastam

119 1510 158 1547 in
186 1510 283 1548 latus
312 1511 429 1560 inque
459 1511 526 1548 feri
555 1524 709 1549 curvam
739 1513 992 1561 compagibus
1022 1512 1148 1550 alvum

119 1569 314 1607 contorsit.
372 1569 481 1608 Stetit
509 1571 570 1608 illa
598 1577 776 1617 tremens,
807 1579 990 1621 uteroque
1018 1583 1173 1610 recusso

117 1629 321 1666 insonuere
351 1641 467 1667 cavae
496 1630 760 1680 gemitumque
790 1631 929 1669 dedere
960 1643 1155 1669 cavernae.

117 1687 168 1726 Et
196 1689 228 1727 si
256 1687 334 1726 fata
363 1689 489 1735 deum,
521 1690 553 1727 si
581 1702 691 1727 mens
721 1702 800 1727 non
830 1690 935 1728 laeva
963 1690 1106 1736 fuisset,

118 1748 318 1797 impulerat
346 1748 444 1786 ferro
473 1749 673 1798 Argolicas
703 1749 857 1787 foedare
886 1750 1060 1796 latebras,

119 1806 315 1857 Troiaque
343 1820 447 1846 nunc
476 1815 600 1855 staret,
631 1809 847 1859 Priamique
877 1822 942 1847 arx
972 1810 1048 1847 alta
1076 1822 1260 1848 maneres.

173 1865 300 1904 ‘Ecce
328 1879 465 1906 manus
495 1868 672 1906 iuvenem
701 1869 845 1906 interea
873 1876 963 1918 post
991 1876 1099 1918 terga
1127 1870 1336 1907 revinctum

118 1932 292 1975 pastores
321 1938 466 1976 magno
496 1927 546 1965 ad
574 1940 705 1977 regem
735 1928 900 1965 clamore
930 1927 1128 1965 trahebant

117 1983 374 2031 Dardanidae,
404 1987 470 2035 qui
499 1998 541 2024 se
569 1987 746 2036 ignotum
775 1987 1013 2024 venientibus
1041 1987 1152 2033 ultro,

118 2045 193 2083 hoc
221 2045 348 2094 ipsum
376 2052 418 2082 ut
446 2052 604 2083 strueret
631 2045 869 2095 Troiamque
899 2047 1060 2095 aperiret
1087 2047 1255 2092 Achivis,

118 2104 317 2149 obtulerat,
346 2104 470 2142 fidens
500 2105 619 2142 animi
647 2111 760 2154 atque
790 2105 829 2141 in
857 2112 1059 2154 utrumque
1088 2113 1253 2154 paratus,

119 2175 186 2201 seu
213 2175 360 2201 versare
390 2163 502 2201 dolos
531 2175 598 2201 seu
628 2169 753 2201 certae
782 2165 1012 2201 occumbere
1042 2165 1166 2202 morti.

118 2221 300 2271 Undique
329 2223 475 2260 visendi
502 2223 628 2261 studio
658 2222 831 2260 Troiana
858 2223 1032 2260 iuventus

119 2281 346 2319 circumfusa
374 2282 457 2328 ruit,
487 2289 709 2331 certantque
737 2280 892 2318 illudere
922 2288 1047 2330 capto.

118 2342 264 2390 Accipe
294 2353 396 2379 nunc
423 2341 605 2380 Danaum
635 2340 791 2378 insidias
821 2347 857 2377 et
886 2340 1042 2378 crimine
1073 2343 1121 2379 ab
1151 2355 1230 2381 uno

119 2400 222 2438 disce
251 2412 399 2439 omnes.

119 2457 300 2509 Namque
329 2466 370 2496 ut
400 2465 610 2508 conspectu
638 2459 678 2496 in
707 2458 837 2496 medio
866 2459 1036 2497 turbatus
1065 2459 1219 2499 inermis

1440 101 1518 146 105

1475 281 1519 311 30

1473 578 1513 608 35

1468 1469 1510 1499 50

1469 1767 1508 1798 55

1468 2054 1510 2086 60
