1669 2737
130 74 211 111 240
704 61 926 97 AENEJS.

130 181 167 212 et
194 187 267 212 nos
295 180 332 212 et
359 180 425 211 tua
453 171 585 210 dexter
612 169 674 208 adi
703 169 801 220 pede
830 180 937 207 sacra
966 165 1162 205 secundo!

131 234 241 270 Talia
270 232 500 271 carminibus
530 230 745 275 celebrant;
791 241 905 278 super
933 228 1065 265 omnia
1094 226 1187 264 Caci

132 295 354 343 speluncam
382 291 563 329 adiiciunt
592 290 875 339 spirantemque
906 288 1057 337 ignibus
1086 286 1223 335 ipsum.

133 353 332 391 Consonat
361 363 476 389 ornne
505 362 641 387 nemus
671 349 825 397 strepitu
854 347 1046 395 collesque
1076 345 1266 383 resultant.
1447 357 1508 387 305

185 412 286 448 Exin
316 423 356 448 se
385 409 512 448 cuncti
541 409 675 446 divinis
703 408 816 445 rebus
846 407 895 444 ad
923 407 1058 443 urbem

132 471 308 521 perfectis
336 469 510 506 referunt.
569 467 655 505 Ibat
682 479 749 504 rex
779 466 924 504 obsitus
955 476 1049 502 aevo

133 538 170 569 et
199 530 379 568 comitem
408 530 567 566 Aenean
595 528 700 565 iuxta
728 533 935 575 natumque
965 527 1120 563 tenebat

133 590 349 639 ingrediens
377 588 557 636 varioque
585 588 686 623 viam
715 597 893 624 sermone
922 585 1081 623 levabat.

134 650 293 687 Miratur
322 647 525 695 facilesque
554 646 687 684 oculos
717 645 786 682 fert
814 644 945 681 omnia
973 645 1117 682 circum
1451 654 1512 685 310

134 709 287 746 Aeneas
315 707 537 755 capiturque
566 705 660 742 locis
687 711 724 741 et
752 704 904 753 singula
932 703 1052 741 laetus

134 767 369 816 exquiritque
399 764 579 812 auditque
607 764 727 800 virum
757 763 995 799 monimenta
1023 762 1204 812 priorum.

134 826 239 863 Tum
267 837 333 862 rex
361 823 572 867 Evandrus,
604 822 804 859 Romanae
833 821 1009 858 conditor
1038 821 1159 858 arcis:

136 885 268 922 ‘Haec
298 894 457 920 nemora
485 881 690 930 indigenae
720 880 842 917 Fauni
871 879 1153 928 Nymphaeque
1181 877 1361 916 tenebant

134 955 306 993 gensque
336 943 455 978 virum
485 941 626 978 truncis
656 947 693 977 et
722 939 817 976 duro
847 940 982 976 robore
1012 945 1111 983 nata,
1451 948 1512 980 315

135 1004 242 1053 queis
270 1014 393 1050 neque
423 1012 509 1037 mos
538 1011 663 1048 neque
692 999 814 1036 cultus
843 1004 934 1044 erat,
964 1010 1035 1036 nec
1064 998 1222 1046 iungere
1250 1002 1379 1034 tauros

135 1070 198 1101 aut
226 1072 458 1110 componere
487 1072 581 1109 opes
610 1066 749 1096 norant
777 1065 842 1095 aut
869 1070 1023 1106 parcere
1053 1064 1175 1106 parto,

136 1123 203 1160 sed
232 1121 327 1158 rami
356 1127 468 1169 atque
497 1131 607 1168 asper
636 1119 734 1155 victu
762 1124 920 1154 venatus
950 1117 1084 1154 alebat.

136 1182 283 1219 Primus
314 1180 361 1217 ab
391 1179 557 1216 aetherio
586 1178 686 1214 venit
716 1176 899 1214 Saturnus
931 1175 1112 1225 Olympo,

135 1253 240 1279 arma
269 1240 368 1277 Iovis
397 1238 550 1287 fugiens
579 1243 616 1274 et
644 1236 770 1285 regnis
799 1235 904 1273 exsul
934 1236 1133 1284 ademptis.
1451 1247 1516 1277 320

136 1301 174 1338 Is
202 1311 324 1349 genus
353 1297 516 1335 indocile
546 1309 591 1334 ac
621 1296 834 1345 dispersum
862 1296 1056 1332 montibus
1084 1295 1168 1332 altis

136 1359 353 1408 composuit
381 1357 562 1406 legesque
592 1355 695 1393 dedit
723 1354 952 1403 Latiumque
980 1355 1107 1391 vocari

135 1419 277 1464 maluit,
306 1417 363 1454 his
393 1416 576 1465 quoniam
605 1414 772 1451 latuisset
800 1420 901 1451 tutus
931 1413 969 1449 in
998 1413 1086 1450 oris.

135 1479 262 1516 Aurea
290 1488 388 1526 quae
417 1474 616 1523 perhibent
645 1473 707 1510 illo
737 1473 806 1510 sub
837 1484 926 1521 rege
955 1472 1059 1509 fuere

136 1538 296 1576 saecula.
353 1535 417 1572 Sic
445 1533 593 1583 placida
622 1533 787 1582 populos
816 1533 855 1569 in
884 1544 979 1581 pace
1008 1532 1175 1581 regebat,
1453 1542 1513 1574 325

136 1597 297 1635 deterior
325 1595 449 1632 donec
478 1592 660 1642 paulatim
690 1604 734 1628 ac
764 1591 920 1628 decolor
949 1597 1053 1628 aetas

136 1665 172 1695 et
199 1656 285 1694 belli
314 1655 436 1692 rabies
466 1659 502 1690 et
530 1664 638 1689 amor
668 1652 849 1689 successit
879 1650 1056 1687 habendi.

135 1717 239 1754 Tum
267 1726 405 1752 manus
433 1712 606 1749 Ausonia
635 1718 672 1748 et
699 1717 833 1759 gentes
862 1722 996 1746 venere
1027 1709 1196 1755 Sicanae,

136 1775 285 1824 saepius
313 1779 350 1811 et
379 1783 523 1809 nomen
552 1770 679 1819 posuit
709 1768 882 1805 Saturnia
911 1768 1018 1804 tellus
1034 1780 1043 1813 ;

134 1843 216 1874 tum
244 1845 352 1882 reges
382 1842 570 1881 asperque
599 1828 757 1866 immani
786 1839 946 1876 corpore
976 1826 1152 1875 Thybris,
1455 1839 1516 1870 330

135 1908 157 1932 a
185 1906 262 1943 quo
290 1899 377 1942 post
405 1890 488 1928 Itali
516 1889 673 1926 fluvium
703 1888 936 1936 cognomine
966 1885 1154 1934 Thybrim

135 1954 297 1991 diximus
327 1951 467 2002 (amisit
495 1960 625 1986 verum
654 1954 760 1984 vetus
789 1945 928 1982 Albula
956 1944 1127 1993 nomen).

134 2013 201 2051 Me
229 2013 381 2062 pulsum
409 2010 529 2059 patria
557 2007 759 2057 pelagique
788 2011 956 2042 extrema
986 2009 1210 2053 sequentem

133 2073 285 2110 fortuna
314 2071 560 2118 omnipotens
590 2072 626 2104 et
654 2063 893 2102 ineluctabile
922 2063 1042 2100 fatum

133 2132 192 2170 his
221 2143 385 2180 posuere
413 2128 507 2166 loeis
536 2126 742 2174 matrisque
773 2135 884 2172 egere
913 2121 1111 2159 tremenda
1452 2134 1512 2165 335

134 2190 348 2229 Carmentis
378 2187 583 2237 Nymphae
611 2185 758 2222 monita
786 2189 822 2220 et
851 2182 944 2219 deus
973 2187 1104 2218 auctor
1133 2177 1299 2228 Apollo.'

133 2251 210 2287 Vix
239 2261 285 2286 ea
313 2249 437 2286 dicta:
478 2246 616 2284 dehinc
644 2253 868 2293 progressus
896 2245 1082 2278 monstrat
1111 2245 1148 2276 et
1177 2249 1281 2275 aram

135 2316 172 2347 et
199 2306 480 2346 Carmentalem
510 2303 678 2341 Romani
707 2302 863 2339 nomine
892 2305 1043 2349 portam

136 2380 250 2418 quarn
278 2370 505 2409 memorant,
536 2361 738 2411 Nymphae
768 2360 935 2409 priscum
965 2356 1181 2395 Carmentis
1208 2354 1407 2399 honorem,

136 2427 228 2465 vatis
257 2425 440 2470 fatidicae,
470 2422 608 2462 cecinit
637 2432 735 2472 quae
763 2419 886 2470 prima
914 2417 1061 2455 futuros
1451 2427 1513 2457 340
