1669 2737
154 109 177 137 2
707 103 988 138 BUCOLJCA.

153 217 335 259 quantum
364 211 465 248 lenta
495 211 619 248 solent
648 211 745 249 inter
773 212 933 248 viburna
962 211 1141 261 cupressi.

203 269 265 307 M.
295 270 345 308 Et
373 282 472 319 quae
499 277 604 308 tanta
633 270 700 308 fuit
731 271 900 308 Romam
929 271 994 308 tibi
1023 283 1139 309 causa
1167 270 1352 308 videndi?

208 330 255 367 T.
282 330 467 373 Libertas,
497 343 596 380 quae
627 342 710 368 sera
738 337 867 367 tamen
896 331 1061 380 respexit
1090 331 1264 375 inertem,

152 389 349 427 candidior
376 396 583 439 postquam
611 389 786 428 tondenti
814 390 934 427 barba
962 390 1134 435 cadebat,

150 449 314 497 respexit
342 455 472 486 tamen
501 455 538 486 et
566 449 685 497 longo
716 455 805 498 post
834 455 1008 498 tempore
1037 449 1152 493 venit,

151 514 357 557 postquam
386 519 459 545 nos
488 508 691 557 Amaryllis
719 507 846 553 habet,
878 507 1038 545 Galatea
1067 507 1228 556 reliquit.

151 567 342 616 Namque,
371 567 519 604 fatebor
548 568 662 613 enim,
693 567 784 604 dum
814 580 875 604 me
906 567 1066 605 Galatea
1095 567 1260 611 tenebat,

150 638 222 663 nec
251 638 338 675 spes
366 626 546 663 libertatis
570 634 648 663 erat
677 638 748 663 nec
778 639 869 664 cura
898 626 1032 675 peculi.

150 684 336 731 Quamvis
364 685 483 722 multa
511 686 606 722 meis
636 686 754 723 exiret
782 686 935 723 victima
965 686 1093 734 septis,

149 746 301 795 pinguis
329 753 366 783 et
394 746 564 794 ingratae
593 753 826 795 premeretur
855 758 989 784 caseus
1017 746 1115 792 urbi,

150 817 230 842 non
258 818 442 854 umquam
471 806 596 854 gravis
625 818 710 842 aere
741 806 899 843 domum
928 805 1020 842 mihi
1051 806 1183 843 dextra
1211 804 1368 841 redibat.

201 864 263 902 M.
295 864 465 901 Mirabar
493 865 586 913 quid
614 871 761 902 maesta
790 865 896 910 deos,
926 865 1120 914 Amarylli,
1149 875 1306 901 vocares
1322 876 1332 910 ;

149 924 210 961 cui
240 924 408 973 pendere
438 936 506 961 sua
535 924 716 973 patereris
745 925 784 961 in
813 925 948 962 arbore
978 936 1119 974 poma:

149 983 303 1032 Tityrus
331 983 420 1020 hinc
450 984 590 1021 aberat.
649 983 764 1033 Ipsae
792 991 841 1029 te,
872 983 1018 1033 Tityre,
1050 984 1174 1033 pinus,

148 1043 219 1092 ipsi
248 1050 283 1080 te
313 1043 449 1088 fontes,
479 1043 563 1091 ipsa
590 1043 685 1080 haec
715 1045 868 1082 arbusta
896 1044 1095 1081 vocabant.

205 1102 246 1140 T.
277 1102 382 1148 Quid
411 1102 601 1139 facerem?
640 1115 765 1151 neque
794 1103 944 1140 servitio
973 1115 1035 1139 me
1065 1101 1167 1139 exire
1196 1099 1331 1137 licebat

146 1174 218 1199 nec
246 1168 324 1199 tam
354 1169 574 1211 praesentes
603 1162 691 1199 alibi
720 1174 959 1211 cognoscere
988 1161 1106 1199 divos.

146 1220 223 1258 Hic
252 1221 356 1257 illum
379 1220 454 1257 vidi
483 1221 669 1266 iuvenem,
701 1220 908 1266 Meliboee,
938 1221 1145 1270 quotannis

144 1280 202 1317 bis
231 1292 346 1317 senos
375 1280 435 1317 cui
464 1287 595 1317 nostra
623 1280 704 1318 dies
734 1280 863 1317 altaria
891 1280 1047 1318 fumant.

146 1338 222 1376 Hic
252 1339 345 1375 mihi
374 1351 602 1387 responsum
632 1340 775 1388 primus
806 1339 909 1377 dedit
938 1339 997 1376 ille
1026 1338 1191 1388 petenti:

146 1399 315 1436 ‘Pascite
344 1405 384 1435 ut
413 1406 501 1436 ante
529 1399 658 1444 boves,
688 1399 819 1448 pueri:
860 1399 1082 1436 summittite
1111 1396 1264 1435 tauros?

197 1457 259 1495 M.
289 1457 497 1495 Fortunate
526 1470 655 1504 senex,
685 1471 778 1507 ergo
807 1465 872 1496 tua
900 1470 986 1495 rura
1013 1457 1235 1502 manebunt,

144 1525 181 1556 et
208 1518 275 1555 tibi
303 1531 447 1568 magna
476 1519 578 1564 satis,
607 1520 781 1568 quamvis
810 1519 906 1568 lapis
936 1518 1066 1556 omnia
1094 1517 1220 1554 nudus

143 1579 358 1628 limosoque
388 1578 495 1627 palus
525 1578 690 1615 obducat
720 1590 863 1628 pascua
892 1579 1026 1615 iunco:

144 1650 224 1676 non
253 1638 402 1675 insueta
429 1650 562 1687 graves
592 1639 834 1686 temptabunt
862 1637 1004 1686 pabula
1033 1637 1137 1684 fetas,

143 1710 215 1735 nec
244 1697 343 1734 mala
371 1698 482 1734 vicini
512 1698 662 1746 pecoris
692 1697 871 1746 contagia
899 1697 1061 1734 laedent.

144 1758 350 1796 Fortunate
380 1769 509 1802 senex,
540 1757 602 1794 hic
630 1757 725 1794 inter
754 1756 913 1793 flumina
941 1763 1033 1794 nota

143 1825 180 1855 et
209 1818 334 1854 fontes
363 1829 492 1854 saeros
522 1816 640 1865 frigus
670 1817 841 1865 captabis
871 1828 1051 1865 opacum.

144 1877 249 1914 Hinc
278 1877 355 1921 tibi,
385 1889 482 1925 quae
513 1889 675 1925 semper,
705 1876 831 1913 vicino
861 1876 909 1912 ab
939 1875 1055 1912 limite
1086 1886 1197 1923 sepes

144 1937 329 1986 Hyblaeis
358 1937 492 1985 apibus
521 1935 655 1973 florem
686 1936 846 1984 depasta
875 1934 995 1972 salicti

145 2009 258 2046 saepe
288 1996 359 2033 levi
388 2008 570 2033 somnum
600 1995 772 2032 suadebit
800 1995 893 2032 inire
922 2005 1098 2031 susurro:

143 2056 232 2093 hinc
261 2055 335 2092 alta
365 2056 436 2092 sub
465 2067 559 2103 rupe
587 2060 699 2092 canet
728 2053 924 2090 frondator
954 2053 1003 2090 ad
1032 2064 1165 2098 auras;

144 2127 215 2152 nec
243 2122 372 2151 tamen
401 2115 544 2151 interea
573 2125 709 2150 raucae
737 2119 803 2150 tua
831 2124 921 2149 eura
950 2112 1148 2161 palumbes

144 2187 215 2211 nec
245 2187 398 2223 gernere
428 2174 529 2211 ae'ria
559 2173 723 2210 cessabit
752 2178 871 2209 turtur
900 2172 949 2208 ab
977 2171 1094 2208 ulmo.

203 2232 247 2270 T.
276 2233 377 2270 Ante
407 2233 507 2270 leves
537 2244 629 2281 ergo
658 2237 862 2280 pascentur
890 2230 929 2266 in
958 2241 1126 2278 aequore
1156 2228 1263 2275 cervi,

145 2299 182 2330 et
210 2292 305 2330 freta
334 2293 538 2330 destituent
567 2291 693 2328 nudos
722 2291 761 2327 in
788 2290 897 2327 litore
926 2290 1072 2338 pisces;

145 2359 232 2389 ante
260 2352 458 2400 pererratis
488 2351 690 2388 amborum
719 2350 858 2386 finibus
891 2347 999 2385 exsul

146 2417 209 2448 aut
239 2410 388 2448 Ararim
418 2410 579 2446 Parthus
609 2410 713 2446 bibet
741 2415 806 2446 aut
835 2407 1043 2444 Germania
1073 2405 1233 2455 Tigrim,

146 2483 259 2520 quam
289 2476 420 2508 nostro
450 2469 547 2506 illius
576 2469 723 2506 labatur
752 2474 908 2518 pectore
936 2466 1069 2503 vultus.

1491 462 1534 492 30

1494 759 1531 789 35

1492 1055 1533 1086 40

1492 1351 1532 1380 45

1494 1654 1535 1684 50

1495 1950 1533 1981 55

1495 2236 1536 2268 60
