<?xml version="1.0" encoding="UTF-8"?>
<!DOCTYPE html PUBLIC "-//W3C//DTD XHTML 1.0 Transitional//EN"
    "http://www.w3.org/TR/xhtml1/DTD/xhtml1-transitional.dtd">
<html xmlns="http://www.w3.org/1999/xhtml" xml:lang="en" lang="en">
 <head>
  <title>
</title>
<meta http-equiv="Content-Type" content="text/html;charset=utf-8" />
  <meta name='ocr-system' content='tesseract 3.04.00' />
  <meta name='ocr-capabilities' content='ocr_page ocr_carea ocr_par ocr_line ocrx_word'/>
</head>
<body>
  <div class='ocr_page' id='page_1' title='image "./operavirgilwithi01virguoft_0326.png"; bbox 0 0 1669 2737; ppageno 0'>
   <div class='ocr_carea' id='block_1_1' title="bbox 151 72 945 125">
    <p class='ocr_par' dir='ltr' id='par_1_1' title="bbox 151 72 945 125">
     <span class='ocr_line' id='line_1_1' title="bbox 151 72 945 125; baseline 0.003 -12"><span class='ocrx_word' id='word_1_1' title='bbox 151 72 232 125; x_wconf 85' lang='lat'>258</span> <span class='ocrx_word' id='word_1_2' title='bbox 721 76 945 115; x_wconf 85' lang='lat' dir='ltr'><em>AENEIS.</em></span> 
     </span>
    </p>
   </div>
   <div class='ocr_carea' id='block_1_2' title="bbox 138 185 1378 2487">
    <p class='ocr_par' dir='ltr' id='par_1_2' title="bbox 148 185 1205 295">
     <span class='ocr_line' id='line_1_2' title="bbox 148 185 1205 236; baseline 0.002 -13"><span class='ocrx_word' id='word_1_3' title='bbox 148 186 246 223; x_wconf 86' lang='lat' dir='ltr'>Bina</span> <span class='ocrx_word' id='word_1_4' title='bbox 275 186 376 224; x_wconf 84' lang='lat' dir='ltr'>dabo</span> <span class='ocrx_word' id='word_1_5' title='bbox 404 193 564 235; x_wconf 87' lang='lat' dir='ltr'>argento</span> <span class='ocrx_word' id='word_1_6' title='bbox 587 185 755 235; x_wconf 90' lang='lat' dir='ltr'>perfecta</span> <span class='ocrx_word' id='word_1_7' title='bbox 782 193 894 236; x_wconf 89' lang='lat' dir='ltr'>atque</span> <span class='ocrx_word' id='word_1_8' title='bbox 923 199 1057 236; x_wconf 90' lang='lat' dir='ltr'>aspera</span> <span class='ocrx_word' id='word_1_9' title='bbox 1085 187 1205 236; x_wconf 90' lang='lat' dir='ltr'>signis</span> 
     </span>
     <span class='ocr_line' id='line_1_3' title="bbox 148 245 1086 295; baseline 0 -12"><span class='ocrx_word' id='word_1_10' title='bbox 148 245 298 294; x_wconf 88' lang='lat' dir='ltr'>pocula,</span> <span class='ocrx_word' id='word_1_11' title='bbox 328 245 475 282; x_wconf 88' lang='lat' dir='ltr'>devicta</span> <span class='ocrx_word' id='word_1_12' title='bbox 504 246 654 294; x_wconf 81' lang='lat' dir='ltr'>genitor</span> <span class='ocrx_word' id='word_1_13' title='bbox 682 258 781 295; x_wconf 87' lang='lat' dir='ltr'>quae</span> <span class='ocrx_word' id='word_1_14' title='bbox 811 247 911 295; x_wconf 87' lang='lat' dir='ltr'>cepit</span> <span class='ocrx_word' id='word_1_15' title='bbox 939 247 1086 290; x_wconf 83' lang='lat' dir='ltr'>Arisba,</span> 
     </span>
    </p>

    <p class='ocr_par' dir='ltr' id='par_1_3' title="bbox 149 303 1160 412">
     <span class='ocr_line' id='line_1_4' title="bbox 149 303 1160 353; baseline 0 -12"><span class='ocrx_word' id='word_1_16' title='bbox 149 311 185 341; x_wconf 90' lang='lat' dir='ltr'>et</span> <span class='ocrx_word' id='word_1_17' title='bbox 213 303 382 352; x_wconf 86' lang='lat' dir='ltr'>tripodas</span> <span class='ocrx_word' id='word_1_18' title='bbox 410 304 594 352; x_wconf 89' lang='lat' dir='ltr'>geminos,</span> <span class='ocrx_word' id='word_1_19' title='bbox 625 305 705 341; x_wconf 89' lang='lat' dir='ltr'>auri</span> <span class='ocrx_word' id='word_1_20' title='bbox 735 305 811 342; x_wconf 95' lang='lat' dir='ltr'>duo</span> <span class='ocrx_word' id='word_1_21' title='bbox 839 317 981 353; x_wconf 82' lang='lat' dir='ltr'>magna</span> <span class='ocrx_word' id='word_1_22' title='bbox 1009 305 1160 351; x_wconf 89' lang='lat' dir='ltr'>talenta,</span> 
     </span>
     <span class='ocr_line' id='line_1_5' title="bbox 149 363 1095 412; baseline 0 -12"><span class='ocrx_word' id='word_1_23' title='bbox 149 370 293 400; x_wconf 86' lang='lat' dir='ltr'>cratera</span> <span class='ocrx_word' id='word_1_24' title='bbox 320 363 529 412; x_wconf 91' lang='lat' dir='ltr'>antiquum,</span> <span class='ocrx_word' id='word_1_25' title='bbox 558 376 672 412; x_wconf 88' lang='lat' dir='ltr'>quem</span> <span class='ocrx_word' id='word_1_26' title='bbox 701 363 767 401; x_wconf 92' lang='lat' dir='ltr'>dat</span> <span class='ocrx_word' id='word_1_27' title='bbox 796 363 953 401; x_wconf 92' lang='lat' dir='ltr'>Sidonia</span> <span class='ocrx_word' id='word_1_28' title='bbox 980 363 1095 401; x_wconf 87' lang='lat' dir='ltr'>Dido.</span> 
     </span>
    </p>

    <p class='ocr_par' dir='ltr' id='par_1_4' title="bbox 150 421 1046 472">
     <span class='ocr_line' id='line_1_6' title="bbox 150 421 1046 472; baseline -0.001 -13"><span class='ocrx_word' id='word_1_29' title='bbox 150 422 190 459; x_wconf 89' lang='lat' dir='ltr'>Si</span> <span class='ocrx_word' id='word_1_30' title='bbox 217 434 304 459; x_wconf 90' lang='lat' dir='ltr'>vero</span> <span class='ocrx_word' id='word_1_31' title='bbox 334 433 469 470; x_wconf 85' lang='lat' dir='ltr'>capere</span> <span class='ocrx_word' id='word_1_32' title='bbox 499 421 645 459; x_wconf 89' lang='lat' dir='ltr'>Italiam</span> <span class='ocrx_word' id='word_1_33' title='bbox 674 423 908 471; x_wconf 83' lang='lat' dir='ltr'>sceptrisque</span> <span class='ocrx_word' id='word_1_34' title='bbox 936 423 1046 472; x_wconf 90' lang='lat' dir='ltr'>potiri</span> 
     </span>
    </p>

    <p class='ocr_par' dir='ltr' id='par_1_5' title="bbox 148 481 1097 530">
     <span class='ocr_line' id='line_1_7' title="bbox 148 481 1097 530; baseline -0.001 -11"><span class='ocrx_word' id='word_1_35' title='bbox 148 482 348 530; x_wconf 85' lang='lat' dir='ltr'>contigerit</span> <span class='ocrx_word' id='word_1_36' title='bbox 376 481 506 518; x_wconf 88' lang='lat' dir='ltr'>victori</span> <span class='ocrx_word' id='word_1_37' title='bbox 535 488 572 518; x_wconf 86' lang='lat' dir='ltr'>et</span> <span class='ocrx_word' id='word_1_38' title='bbox 599 481 762 529; x_wconf 84' lang='lat' dir='ltr'>praedae</span> <span class='ocrx_word' id='word_1_39' title='bbox 792 481 916 519; x_wconf 89' lang='lat' dir='ltr'>dicere</span> <span class='ocrx_word' id='word_1_40' title='bbox 945 489 1097 527; x_wconf 83' lang='lat' dir='ltr'>sortem,</span> 
     </span>
    </p>

    <p class='ocr_par' dir='ltr' id='par_1_6' title="bbox 146 539 1253 1122">
     <span class='ocr_line' id='line_1_8' title="bbox 147 539 1182 589; baseline -0.001 -11"><span class='ocrx_word' id='word_1_41' title='bbox 147 541 270 578; x_wconf 87' lang='lat' dir='ltr'>vidisti</span> <span class='ocrx_word' id='word_1_42' title='bbox 299 552 376 589; x_wconf 89' lang='lat' dir='ltr'>quo</span> <span class='ocrx_word' id='word_1_43' title='bbox 405 539 559 577; x_wconf 89' lang='lat' dir='ltr'>Turnus</span> <span class='ocrx_word' id='word_1_44' title='bbox 589 552 701 589; x_wconf 89' lang='lat' dir='ltr'>equo,</span> <span class='ocrx_word' id='word_1_45' title='bbox 730 541 867 589; x_wconf 92' lang='lat' dir='ltr'>quibus</span> <span class='ocrx_word' id='word_1_46' title='bbox 896 541 973 577; x_wconf 90' lang='lat' dir='ltr'>ibat</span> <span class='ocrx_word' id='word_1_47' title='bbox 1001 542 1040 578; x_wconf 90' lang='lat' dir='ltr'>in</span> <span class='ocrx_word' id='word_1_48' title='bbox 1069 541 1182 578; x_wconf 85' lang='lat' dir='ltr'>armis</span> 
     </span>
     <span class='ocr_line' id='line_1_9' title="bbox 148 599 1253 648; baseline -0.001 -11"><span class='ocrx_word' id='word_1_49' title='bbox 148 612 305 637; x_wconf 87' lang='lat' dir='ltr'>aureus:</span> <span class='ocrx_word' id='word_1_50' title='bbox 345 600 470 648; x_wconf 89' lang='lat' dir='ltr'>ipsum</span> <span class='ocrx_word' id='word_1_51' title='bbox 498 599 615 644; x_wconf 91' lang='lat' dir='ltr'>illum,</span> <span class='ocrx_word' id='word_1_52' title='bbox 645 599 809 648; x_wconf 88' lang='lat' dir='ltr'>clipeum</span> <span class='ocrx_word' id='word_1_53' title='bbox 839 600 1045 648; x_wconf 88' lang='lat' dir='ltr'>cristasque</span> <span class='ocrx_word' id='word_1_54' title='bbox 1074 600 1253 637; x_wconf 88' lang='lat' dir='ltr'>rubentes</span> 
     </span>
     <span class='ocr_line' id='line_1_10' title="bbox 147 657 1134 708; baseline 0.001 -12"><span class='ocrx_word' id='word_1_55' title='bbox 147 660 335 708; x_wconf 86' lang='lat' dir='ltr'>excipiam</span> <span class='ocrx_word' id='word_1_56' title='bbox 365 658 466 701; x_wconf 87' lang='lat' dir='ltr'>sorti,</span> <span class='ocrx_word' id='word_1_57' title='bbox 495 657 572 694; x_wconf 90' lang='lat' dir='ltr'>iam</span> <span class='ocrx_word' id='word_1_58' title='bbox 601 670 703 696; x_wconf 90' lang='lat' dir='ltr'>nunc</span> <span class='ocrx_word' id='word_1_59' title='bbox 731 666 795 696; x_wconf 91' lang='lat' dir='ltr'>tua</span> <span class='ocrx_word' id='word_1_60' title='bbox 823 659 1000 707; x_wconf 88' lang='lat' dir='ltr'>praemia,</span> <span class='ocrx_word' id='word_1_61' title='bbox 1030 658 1134 697; x_wconf 86' lang='lat' dir='ltr'>Nise.</span> 
     </span>
     <span class='ocr_line' id='line_1_11' title="bbox 147 717 1131 766; baseline 0 -11"><span class='ocrx_word' id='word_1_62' title='bbox 147 718 346 756; x_wconf 88' lang='lat' dir='ltr'>Praeterea</span> <span class='ocrx_word' id='word_1_63' title='bbox 373 718 430 754; x_wconf 88' lang='lat' dir='ltr'>bis</span> <span class='ocrx_word' id='word_1_64' title='bbox 461 729 528 755; x_wconf 83' lang='lat' dir='ltr'>sex</span> <span class='ocrx_word' id='word_1_65' title='bbox 557 718 705 766; x_wconf 86' lang='lat' dir='ltr'>genitor</span> <span class='ocrx_word' id='word_1_66' title='bbox 733 717 937 755; x_wconf 89' lang='lat' dir='ltr'>lectissima</span> <span class='ocrx_word' id='word_1_67' title='bbox 966 724 1131 755; x_wconf 84' lang='lat' dir='ltr'>matrum</span> 
     </span>
     <span class='ocr_line' id='line_1_12' title="bbox 147 776 1238 826; baseline -0.001 -11"><span class='ocrx_word' id='word_1_68' title='bbox 147 789 310 826; x_wconf 89' lang='lat' dir='ltr'>corpora</span> <span class='ocrx_word' id='word_1_69' title='bbox 337 777 581 825; x_wconf 89' lang='lat' dir='ltr'>captivosque</span> <span class='ocrx_word' id='word_1_70' title='bbox 611 776 714 813; x_wconf 88' lang='lat' dir='ltr'>dabit</span> <span class='ocrx_word' id='word_1_71' title='bbox 742 788 886 826; x_wconf 85' lang='lat' dir='ltr'>suaque</span> <span class='ocrx_word' id='word_1_72' title='bbox 914 778 1091 814; x_wconf 89' lang='lat' dir='ltr'>omnibus</span> <span class='ocrx_word' id='word_1_73' title='bbox 1121 789 1238 823; x_wconf 87' lang='lat' dir='ltr'>arma,</span> 
     </span>
     <span class='ocr_line' id='line_1_13' title="bbox 146 836 1222 886; baseline -0.001 -12"><span class='ocrx_word' id='word_1_74' title='bbox 146 838 300 886; x_wconf 84' lang='lat' dir='ltr'>insuper</span> <span class='ocrx_word' id='word_1_75' title='bbox 329 836 386 874; x_wconf 88' lang='lat' dir='ltr'>his</span> <span class='ocrx_word' id='word_1_76' title='bbox 415 837 540 885; x_wconf 90' lang='lat' dir='ltr'>campi</span> <span class='ocrx_word' id='word_1_77' title='bbox 571 836 675 885; x_wconf 91' lang='lat' dir='ltr'>quod</span> <span class='ocrx_word' id='word_1_78' title='bbox 703 848 769 873; x_wconf 86' lang='lat' dir='ltr'>rex</span> <span class='ocrx_word' id='word_1_79' title='bbox 798 836 914 873; x_wconf 88' lang='lat' dir='ltr'>habet</span> <span class='ocrx_word' id='word_1_80' title='bbox 942 837 1023 885; x_wconf 90' lang='lat' dir='ltr'>ipse</span> <span class='ocrx_word' id='word_1_81' title='bbox 1052 836 1222 873; x_wconf 89' lang='lat' dir='ltr'>Latinus.</span> 
     </span>
     <span class='ocr_line' id='line_1_14' title="bbox 146 896 1155 945; baseline 0.001 -12"><span class='ocrx_word' id='word_1_82' title='bbox 146 896 207 934; x_wconf 93' lang='lat' dir='ltr'>Te</span> <span class='ocrx_word' id='word_1_83' title='bbox 235 909 335 941; x_wconf 88' lang='lat' dir='ltr'>vero,</span> <span class='ocrx_word' id='word_1_84' title='bbox 366 909 452 933; x_wconf 89' lang='lat' dir='ltr'>mea</span> <span class='ocrx_word' id='word_1_85' title='bbox 481 908 595 945; x_wconf 90' lang='lat' dir='ltr'>quem</span> <span class='ocrx_word' id='word_1_86' title='bbox 625 896 753 944; x_wconf 87' lang='lat' dir='ltr'>spatiis</span> <span class='ocrx_word' id='word_1_87' title='bbox 783 896 1023 945; x_wconf 85' lang='lat' dir='ltr'>propioribus</span> <span class='ocrx_word' id='word_1_88' title='bbox 1052 904 1155 934; x_wconf 87' lang='lat' dir='ltr'>aetas</span> 
     </span>
     <span class='ocr_line' id='line_1_15' title="bbox 146 954 1138 1004; baseline -0.001 -11"><span class='ocrx_word' id='word_1_89' title='bbox 146 956 364 1004; x_wconf 88' lang='lat' dir='ltr'>insequitur,</span> <span class='ocrx_word' id='word_1_90' title='bbox 392 954 606 992; x_wconf 89' lang='lat' dir='ltr'>venerande</span> <span class='ocrx_word' id='word_1_91' title='bbox 634 966 739 1003; x_wconf 89' lang='lat' dir='ltr'>puer,</span> <span class='ocrx_word' id='word_1_92' title='bbox 769 955 845 991; x_wconf 90' lang='lat' dir='ltr'>iam</span> <span class='ocrx_word' id='word_1_93' title='bbox 874 962 1028 1003; x_wconf 90' lang='lat' dir='ltr'>pectore</span> <span class='ocrx_word' id='word_1_94' title='bbox 1057 961 1138 992; x_wconf 89' lang='lat' dir='ltr'>toto</span> 
     </span>
     <span class='ocr_line' id='line_1_16' title="bbox 146 1013 1215 1063; baseline 0 -11"><span class='ocrx_word' id='word_1_95' title='bbox 146 1016 292 1063; x_wconf 86' lang='lat' dir='ltr'>accipio</span> <span class='ocrx_word' id='word_1_96' title='bbox 321 1021 358 1051; x_wconf 89' lang='lat' dir='ltr'>et</span> <span class='ocrx_word' id='word_1_97' title='bbox 387 1015 567 1052; x_wconf 91' lang='lat' dir='ltr'>comitem</span> <span class='ocrx_word' id='word_1_98' title='bbox 597 1026 708 1051; x_wconf 89' lang='lat' dir='ltr'>casus</span> <span class='ocrx_word' id='word_1_99' title='bbox 737 1013 973 1063; x_wconf 89' lang='lat' dir='ltr'>complector</span> <span class='ocrx_word' id='word_1_100' title='bbox 1001 1014 1040 1050; x_wconf 89' lang='lat' dir='ltr'>in</span> <span class='ocrx_word' id='word_1_101' title='bbox 1068 1025 1215 1052; x_wconf 88' lang='lat' dir='ltr'>omnes.</span> 
     </span>
     <span class='ocr_line' id='line_1_17' title="bbox 146 1073 1095 1122; baseline -0.002 -11"><span class='ocrx_word' id='word_1_102' title='bbox 146 1073 260 1111; x_wconf 89' lang='lat' dir='ltr'>Nulla</span> <span class='ocrx_word' id='word_1_103' title='bbox 288 1073 382 1111; x_wconf 87' lang='lat' dir='ltr'>meis</span> <span class='ocrx_word' id='word_1_104' title='bbox 411 1074 492 1111; x_wconf 90' lang='lat' dir='ltr'>sine</span> <span class='ocrx_word' id='word_1_105' title='bbox 522 1081 558 1110; x_wconf 91' lang='lat' dir='ltr'>te</span> <span class='ocrx_word' id='word_1_106' title='bbox 588 1080 785 1122; x_wconf 82' lang='lat' dir='ltr'>quaeretur</span> <span class='ocrx_word' id='word_1_107' title='bbox 814 1073 933 1121; x_wconf 87' lang='lat' dir='ltr'>gloria</span> <span class='ocrx_word' id='word_1_108' title='bbox 961 1074 1095 1117; x_wconf 89' lang='lat' dir='ltr'>rebus;</span> 
     </span>
    </p>

    <p class='ocr_par' dir='ltr' id='par_1_7' title="bbox 144 1132 1212 1359">
     <span class='ocr_line' id='line_1_18' title="bbox 145 1132 1212 1182; baseline -0.003 -11"><span class='ocrx_word' id='word_1_109' title='bbox 145 1146 211 1171; x_wconf 84' lang='lat' dir='ltr'>seu</span> <span class='ocrx_word' id='word_1_110' title='bbox 240 1145 375 1182; x_wconf 88' lang='lat' dir='ltr'>pacem</span> <span class='ocrx_word' id='word_1_111' title='bbox 405 1144 471 1170; x_wconf 86' lang='lat' dir='ltr'>seu</span> <span class='ocrx_word' id='word_1_112' title='bbox 499 1132 599 1169; x_wconf 89' lang='lat' dir='ltr'>bella</span> <span class='ocrx_word' id='word_1_113' title='bbox 627 1144 768 1180; x_wconf 88' lang='lat' dir='ltr'>geram,</span> <span class='ocrx_word' id='word_1_114' title='bbox 799 1132 864 1169; x_wconf 87' lang='lat' dir='ltr'>tibi</span> <span class='ocrx_word' id='word_1_115' title='bbox 894 1133 1057 1168; x_wconf 82' lang='lat' dir='ltr'>maxima</span> <span class='ocrx_word' id='word_1_116' title='bbox 1086 1144 1212 1169; x_wconf 90' lang='lat' dir='ltr'>rerum</span> 
     </span>
     <span class='ocr_line' id='line_1_19' title="bbox 144 1190 1152 1240; baseline -0.001 -12"><span class='ocrx_word' id='word_1_117' title='bbox 144 1194 420 1240; x_wconf 92' lang='lat' dir='ltr'>verborumque</span> <span class='ocrx_word' id='word_1_118' title='bbox 449 1190 565 1228; x_wconf 92' lang='lat' dir='ltr'>fides.&#39;</span> <span class='ocrx_word' id='word_1_119' title='bbox 623 1191 768 1228; x_wconf 87' lang='lat' dir='ltr'>Contra</span> <span class='ocrx_word' id='word_1_120' title='bbox 796 1203 911 1240; x_wconf 88' lang='lat' dir='ltr'>quem</span> <span class='ocrx_word' id='word_1_121' title='bbox 940 1191 1028 1227; x_wconf 89' lang='lat' dir='ltr'>talia</span> <span class='ocrx_word' id='word_1_122' title='bbox 1056 1190 1152 1228; x_wconf 92' lang='lat' dir='ltr'>fatur</span> 
     </span>
     <span class='ocr_line' id='line_1_20' title="bbox 144 1249 1148 1300; baseline -0.003 -11"><span class='ocrx_word' id='word_1_123' title='bbox 144 1252 351 1300; x_wconf 86' lang='lat' dir='ltr'>Euryalus:</span> <span class='ocrx_word' id='word_1_124' title='bbox 393 1251 483 1288; x_wconf 90' lang='lat' dir='ltr'>‘Me</span> <span class='ocrx_word' id='word_1_125' title='bbox 513 1250 615 1287; x_wconf 91' lang='lat' dir='ltr'>nulla</span> <span class='ocrx_word' id='word_1_126' title='bbox 644 1250 724 1287; x_wconf 90' lang='lat' dir='ltr'>dies</span> <span class='ocrx_word' id='word_1_127' title='bbox 753 1257 830 1287; x_wconf 89' lang='lat' dir='ltr'>tam</span> <span class='ocrx_word' id='word_1_128' title='bbox 860 1249 1018 1287; x_wconf 87' lang='lat' dir='ltr'>fortibus</span> <span class='ocrx_word' id='word_1_129' title='bbox 1046 1251 1148 1287; x_wconf 84' lang='lat' dir='ltr'>ausis</span> 
     </span>
     <span class='ocr_line' id='line_1_21' title="bbox 145 1308 1140 1359; baseline -0.002 -10"><span class='ocrx_word' id='word_1_130' title='bbox 145 1312 363 1349; x_wconf 86' lang='lat' dir='ltr'>dissimilem</span> <span class='ocrx_word' id='word_1_131' title='bbox 393 1311 577 1359; x_wconf 82' lang='lat' dir='ltr'>arguerit;</span> <span class='ocrx_word' id='word_1_132' title='bbox 618 1317 765 1347; x_wconf 83' lang='lat' dir='ltr'>tantum</span> <span class='ocrx_word' id='word_1_133' title='bbox 794 1308 944 1346; x_wconf 90' lang='lat' dir='ltr'>fortuna</span> <span class='ocrx_word' id='word_1_134' title='bbox 973 1310 1140 1347; x_wconf 87' lang='lat' dir='ltr'>secunda</span> 
     </span>
    </p>

    <p class='ocr_par' dir='ltr' id='par_1_8' title="bbox 143 1369 1172 1478">
     <span class='ocr_line' id='line_1_22' title="bbox 144 1369 1172 1417; baseline -0.002 -9"><span class='ocrx_word' id='word_1_135' title='bbox 144 1378 207 1408; x_wconf 84' lang='lat' dir='ltr'>aut</span> <span class='ocrx_word' id='word_1_136' title='bbox 234 1371 392 1408; x_wconf 88' lang='lat' dir='ltr'>adversa</span> <span class='ocrx_word' id='word_1_137' title='bbox 421 1371 542 1407; x_wconf 85' lang='lat' dir='ltr'>cadat.</span> <span class='ocrx_word' id='word_1_138' title='bbox 601 1369 676 1406; x_wconf 89' lang='lat' dir='ltr'>Sed</span> <span class='ocrx_word' id='word_1_139' title='bbox 705 1377 740 1406; x_wconf 84' lang='lat' dir='ltr'>te</span> <span class='ocrx_word' id='word_1_140' title='bbox 770 1381 883 1417; x_wconf 90' lang='lat' dir='ltr'>super</span> <span class='ocrx_word' id='word_1_141' title='bbox 910 1369 1040 1405; x_wconf 89' lang='lat' dir='ltr'>omnia</span> <span class='ocrx_word' id='word_1_142' title='bbox 1069 1369 1172 1406; x_wconf 88' lang='lat' dir='ltr'>dona</span> 
     </span>
     <span class='ocr_line' id='line_1_23' title="bbox 143 1428 1148 1478; baseline -0.003 -11"><span class='ocrx_word' id='word_1_143' title='bbox 143 1442 261 1467; x_wconf 91' lang='lat' dir='ltr'>unum</span> <span class='ocrx_word' id='word_1_144' title='bbox 290 1441 383 1467; x_wconf 93' lang='lat' dir='ltr'>oro:</span> <span class='ocrx_word' id='word_1_145' title='bbox 422 1429 591 1478; x_wconf 87' lang='lat' dir='ltr'>genetrix</span> <span class='ocrx_word' id='word_1_146' title='bbox 621 1428 757 1465; x_wconf 90' lang='lat' dir='ltr'>Priami</span> <span class='ocrx_word' id='word_1_147' title='bbox 789 1428 835 1465; x_wconf 88' lang='lat' dir='ltr'>de</span> <span class='ocrx_word' id='word_1_148' title='bbox 863 1435 976 1475; x_wconf 85' lang='lat' dir='ltr'>gente</span> <span class='ocrx_word' id='word_1_149' title='bbox 1005 1434 1148 1464; x_wconf 83' lang='lat' dir='ltr'>vetusta</span> 
     </span>
    </p>

    <p class='ocr_par' dir='ltr' id='par_1_9' title="bbox 142 1486 1378 1716">
     <span class='ocr_line' id='line_1_24' title="bbox 143 1486 1175 1537; baseline -0.004 -11"><span class='ocrx_word' id='word_1_150' title='bbox 143 1496 200 1526; x_wconf 89' lang='lat' dir='ltr'>est</span> <span class='ocrx_word' id='word_1_151' title='bbox 227 1488 330 1533; x_wconf 89' lang='lat' dir='ltr'>mihi,</span> <span class='ocrx_word' id='word_1_152' title='bbox 361 1500 476 1537; x_wconf 88' lang='lat' dir='ltr'>quam</span> <span class='ocrx_word' id='word_1_153' title='bbox 505 1488 683 1524; x_wconf 88' lang='lat' dir='ltr'>miseram</span> <span class='ocrx_word' id='word_1_154' title='bbox 713 1487 832 1524; x_wconf 89' lang='lat' dir='ltr'>tenuit</span> <span class='ocrx_word' id='word_1_155' title='bbox 861 1498 941 1523; x_wconf 90' lang='lat' dir='ltr'>non</span> <span class='ocrx_word' id='word_1_156' title='bbox 970 1486 1039 1523; x_wconf 87' lang='lat' dir='ltr'>Ilia</span> <span class='ocrx_word' id='word_1_157' title='bbox 1067 1486 1175 1523; x_wconf 90' lang='lat' dir='ltr'>tellus</span> 
     </span>
     <span class='ocr_line' id='line_1_25' title="bbox 143 1545 1210 1593; baseline -0.004 -8"><span class='ocrx_word' id='word_1_158' title='bbox 143 1560 294 1586; x_wconf 89' lang='lat' dir='ltr'>mecum</span> <span class='ocrx_word' id='word_1_159' title='bbox 323 1547 583 1590; x_wconf 84' lang='lat' dir='ltr'>excedentem,</span> <span class='ocrx_word' id='word_1_160' title='bbox 614 1558 693 1583; x_wconf 91' lang='lat' dir='ltr'>non</span> <span class='ocrx_word' id='word_1_161' title='bbox 724 1546 877 1582; x_wconf 90' lang='lat' dir='ltr'>moenia</span> <span class='ocrx_word' id='word_1_162' title='bbox 905 1545 1004 1593; x_wconf 87' lang='lat' dir='ltr'>regis</span> <span class='ocrx_word' id='word_1_163' title='bbox 1034 1546 1210 1583; x_wconf 88' lang='lat' dir='ltr'>Acestae.</span> 
     </span>
     <span class='ocr_line' id='line_1_26' title="bbox 144 1603 1378 1655; baseline -0.003 -11"><span class='ocrx_word' id='word_1_164' title='bbox 144 1607 258 1644; x_wconf 92' lang='lat' dir='ltr'>Hanc</span> <span class='ocrx_word' id='word_1_165' title='bbox 286 1619 361 1655; x_wconf 83' lang='lat' dir='ltr'>ego</span> <span class='ocrx_word' id='word_1_166' title='bbox 391 1618 493 1643; x_wconf 91' lang='lat' dir='ltr'>nunc</span> <span class='ocrx_word' id='word_1_167' title='bbox 521 1606 692 1654; x_wconf 85' lang='lat' dir='ltr'>ignaram</span> <span class='ocrx_word' id='word_1_168' title='bbox 721 1604 832 1641; x_wconf 90' lang='lat' dir='ltr'>huius</span> <span class='ocrx_word' id='word_1_169' title='bbox 862 1604 1133 1653; x_wconf 87' lang='lat' dir='ltr'>quodcumque</span> <span class='ocrx_word' id='word_1_170' title='bbox 1163 1603 1293 1652; x_wconf 89' lang='lat' dir='ltr'>pericli</span> <span class='ocrx_word' id='word_1_171' title='bbox 1323 1611 1378 1640; x_wconf 86' lang='lat' dir='ltr'>est</span> 
     </span>
     <span class='ocr_line' id='line_1_27' title="bbox 142 1662 1060 1716; baseline -0.002 -13"><span class='ocrx_word' id='word_1_172' title='bbox 142 1669 257 1716; x_wconf 90' lang='lat' dir='ltr'>inque</span> <span class='ocrx_word' id='word_1_173' title='bbox 286 1666 485 1703; x_wconf 82' lang='lat' dir='ltr'>salutatam</span> <span class='ocrx_word' id='word_1_174' title='bbox 513 1665 643 1712; x_wconf 89' lang='lat' dir='ltr'>linquo</span> <span class='ocrx_word' id='word_1_175' title='bbox 673 1662 767 1713; x_wconf 84' lang='lat' dir='ltr'>(nox</span> <span class='ocrx_word' id='word_1_176' title='bbox 797 1669 834 1700; x_wconf 86' lang='lat' dir='ltr'>et</span> <span class='ocrx_word' id='word_1_177' title='bbox 862 1670 926 1700; x_wconf 83' lang='lat' dir='ltr'>tua</span> <span class='ocrx_word' id='word_1_178' title='bbox 955 1664 1060 1701; x_wconf 87' lang='lat' dir='ltr'>testis</span> 
     </span>
    </p>

    <p class='ocr_par' dir='ltr' id='par_1_10' title="bbox 141 1721 1279 1891">
     <span class='ocr_line' id='line_1_28' title="bbox 142 1721 1279 1775; baseline -0.004 -12"><span class='ocrx_word' id='word_1_179' title='bbox 142 1725 323 1775; x_wconf 83' lang='lat' dir='ltr'>dextera),</span> <span class='ocrx_word' id='word_1_180' title='bbox 353 1724 456 1773; x_wconf 91' lang='lat' dir='ltr'>quod</span> <span class='ocrx_word' id='word_1_181' title='bbox 486 1734 674 1772; x_wconf 88' lang='lat' dir='ltr'>nequeam</span> <span class='ocrx_word' id='word_1_182' title='bbox 704 1721 878 1759; x_wconf 87' lang='lat' dir='ltr'>lacrimas</span> <span class='ocrx_word' id='word_1_183' title='bbox 908 1722 1073 1770; x_wconf 89' lang='lat' dir='ltr'>perferre</span> <span class='ocrx_word' id='word_1_184' title='bbox 1102 1723 1279 1771; x_wconf 88' lang='lat' dir='ltr'>parentis.</span> 
     </span>
     <span class='ocr_line' id='line_1_29' title="bbox 141 1781 1183 1830; baseline -0.005 -8"><span class='ocrx_word' id='word_1_185' title='bbox 141 1786 193 1822; x_wconf 93' lang='lat' dir='ltr'>At</span> <span class='ocrx_word' id='word_1_186' title='bbox 219 1791 271 1830; x_wconf 94' lang='lat' dir='ltr'>tu,</span> <span class='ocrx_word' id='word_1_187' title='bbox 301 1796 381 1828; x_wconf 93' lang='lat' dir='ltr'>oro,</span> <span class='ocrx_word' id='word_1_188' title='bbox 412 1783 532 1821; x_wconf 88' lang='lat' dir='ltr'>solare</span> <span class='ocrx_word' id='word_1_189' title='bbox 561 1783 718 1830; x_wconf 88' lang='lat' dir='ltr'>inopem</span> <span class='ocrx_word' id='word_1_190' title='bbox 747 1788 784 1818; x_wconf 88' lang='lat' dir='ltr'>et</span> <span class='ocrx_word' id='word_1_191' title='bbox 814 1793 992 1818; x_wconf 90' lang='lat' dir='ltr'>succurre</span> <span class='ocrx_word' id='word_1_192' title='bbox 1021 1781 1183 1818; x_wconf 89' lang='lat' dir='ltr'>relictae.</span> 
     </span>
     <span class='ocr_line' id='line_1_30' title="bbox 142 1840 1154 1891; baseline -0.006 -9"><span class='ocrx_word' id='word_1_193' title='bbox 142 1845 256 1882; x_wconf 90' lang='lat' dir='ltr'>Hanc</span> <span class='ocrx_word' id='word_1_194' title='bbox 286 1845 365 1881; x_wconf 91' lang='lat' dir='ltr'>sine</span> <span class='ocrx_word' id='word_1_195' title='bbox 394 1855 456 1879; x_wconf 90' lang='lat' dir='ltr'>me</span> <span class='ocrx_word' id='word_1_196' title='bbox 485 1854 592 1891; x_wconf 91' lang='lat' dir='ltr'>spem</span> <span class='ocrx_word' id='word_1_197' title='bbox 622 1841 716 1877; x_wconf 87' lang='lat' dir='ltr'>ferre</span> <span class='ocrx_word' id='word_1_198' title='bbox 746 1840 823 1877; x_wconf 91' lang='lat' dir='ltr'>tui:</span> <span class='ocrx_word' id='word_1_199' title='bbox 864 1840 1061 1877; x_wconf 91' lang='lat' dir='ltr'>audentior</span> <span class='ocrx_word' id='word_1_200' title='bbox 1089 1840 1154 1877; x_wconf 94' lang='lat' dir='ltr'>ibo</span> 
     </span>
    </p>

    <p class='ocr_par' dir='ltr' id='par_1_11' title="bbox 139 1898 1229 2071">
     <span class='ocr_line' id='line_1_31' title="bbox 140 1898 1074 1941; baseline -0.005 0"><span class='ocrx_word' id='word_1_201' title='bbox 140 1905 179 1941; x_wconf 93' lang='lat' dir='ltr'>in</span> <span class='ocrx_word' id='word_1_202' title='bbox 208 1915 317 1941; x_wconf 86' lang='lat' dir='ltr'>casus</span> <span class='ocrx_word' id='word_1_203' title='bbox 347 1901 504 1940; x_wconf 89' lang='lat' dir='ltr'>omnes.&#39;</span> <span class='ocrx_word' id='word_1_204' title='bbox 563 1900 747 1937; x_wconf 86' lang='lat' dir='ltr'>Percussa</span> <span class='ocrx_word' id='word_1_205' title='bbox 776 1906 904 1936; x_wconf 90' lang='lat' dir='ltr'>mente</span> <span class='ocrx_word' id='word_1_206' title='bbox 935 1898 1074 1936; x_wconf 90' lang='lat' dir='ltr'>dedere</span> 
     </span>
     <span class='ocr_line' id='line_1_32' title="bbox 139 1957 1229 2006; baseline -0.006 -6"><span class='ocrx_word' id='word_1_207' title='bbox 139 1962 383 2000; x_wconf 88' lang='lat' dir='ltr'>Dardanidae</span> <span class='ocrx_word' id='word_1_208' title='bbox 411 1960 584 1998; x_wconf 89' lang='lat' dir='ltr'>lacrimas</span> <span class='ocrx_word' id='word_1_209' title='bbox 597 1972 609 2005; x_wconf 75' lang='lat'><em>3</em></span> <span class='ocrx_word' id='word_1_210' title='bbox 649 1965 734 1995; x_wconf 91' lang='lat' dir='ltr'>ante</span> <span class='ocrx_word' id='word_1_211' title='bbox 764 1970 900 1995; x_wconf 91' lang='lat' dir='ltr'>omnes</span> <span class='ocrx_word' id='word_1_212' title='bbox 929 1957 1086 2006; x_wconf 91' lang='lat' dir='ltr'>pulcher</span> <span class='ocrx_word' id='word_1_213' title='bbox 1115 1957 1229 2002; x_wconf 88' lang='lat' dir='ltr'>Iulus,</span> 
     </span>
     <span class='ocr_line' id='line_1_33' title="bbox 139 2016 1141 2071; baseline -0.006 -12"><span class='ocrx_word' id='word_1_214' title='bbox 139 2029 252 2071; x_wconf 88' lang='lat' dir='ltr'>atque</span> <span class='ocrx_word' id='word_1_215' title='bbox 280 2021 450 2058; x_wconf 91' lang='lat' dir='ltr'>animum</span> <span class='ocrx_word' id='word_1_216' title='bbox 479 2019 621 2068; x_wconf 86' lang='lat' dir='ltr'>patriae</span> <span class='ocrx_word' id='word_1_217' title='bbox 650 2017 797 2055; x_wconf 86' lang='lat' dir='ltr'>strinxit</span> <span class='ocrx_word' id='word_1_218' title='bbox 826 2016 973 2066; x_wconf 87' lang='lat' dir='ltr'>pietatis</span> <span class='ocrx_word' id='word_1_219' title='bbox 1002 2017 1141 2064; x_wconf 88' lang='lat' dir='ltr'>imago.</span> 
     </span>
    </p>

    <p class='ocr_par' dir='ltr' id='par_1_12' title="bbox 139 2079 510 2118">
     <span class='ocr_line' id='line_1_34' title="bbox 139 2079 510 2118; baseline -0.008 0"><span class='ocrx_word' id='word_1_220' title='bbox 139 2081 242 2118; x_wconf 89' lang='lat' dir='ltr'>Turn</span> <span class='ocrx_word' id='word_1_221' title='bbox 272 2081 325 2118; x_wconf 90' lang='lat' dir='ltr'>sic</span> <span class='ocrx_word' id='word_1_222' title='bbox 353 2079 510 2116; x_wconf 80' lang='lat' dir='ltr'>effatur:</span> 
     </span>
    </p>

    <p class='ocr_par' dir='ltr' id='par_1_13' title="bbox 138 2135 1278 2304">
     <span class='ocr_line' id='line_1_35' title="bbox 139 2135 1153 2189; baseline -0.005 -12"><span class='ocrx_word' id='word_1_223' title='bbox 139 2139 318 2189; x_wconf 88' lang='lat' dir='ltr'>‘Sponde</span> <span class='ocrx_word' id='word_1_224' title='bbox 347 2139 464 2187; x_wconf 83' lang='lat' dir='ltr'>digna</span> <span class='ocrx_word' id='word_1_225' title='bbox 492 2138 565 2175; x_wconf 90' lang='lat' dir='ltr'>tuis</span> <span class='ocrx_word' id='word_1_226' title='bbox 593 2138 809 2186; x_wconf 85' lang='lat' dir='ltr'>ingentibus</span> <span class='ocrx_word' id='word_1_227' title='bbox 839 2135 969 2173; x_wconf 89' lang='lat' dir='ltr'>omnia</span> <span class='ocrx_word' id='word_1_228' title='bbox 998 2135 1153 2183; x_wconf 87' lang='lat' dir='ltr'>coeptis.</span> 
     </span>
     <span class='ocr_line' id='line_1_36' title="bbox 138 2193 1278 2247; baseline -0.005 -11"><span class='ocrx_word' id='word_1_229' title='bbox 138 2198 316 2247; x_wconf 89' lang='lat' dir='ltr'>Namque</span> <span class='ocrx_word' id='word_1_230' title='bbox 346 2198 414 2234; x_wconf 90' lang='lat' dir='ltr'>erit</span> <span class='ocrx_word' id='word_1_231' title='bbox 441 2197 513 2234; x_wconf 89' lang='lat' dir='ltr'>ista</span> <span class='ocrx_word' id='word_1_232' title='bbox 540 2197 633 2233; x_wconf 89' lang='lat' dir='ltr'>mihi</span> <span class='ocrx_word' id='word_1_233' title='bbox 661 2197 833 2245; x_wconf 85' lang='lat' dir='ltr'>genetrix</span> <span class='ocrx_word' id='word_1_234' title='bbox 862 2206 1080 2242; x_wconf 89' lang='lat' dir='ltr'>nomenque</span> <span class='ocrx_word' id='word_1_235' title='bbox 1111 2193 1278 2230; x_wconf 87' lang='lat' dir='ltr'>Creusae</span> 
     </span>
     <span class='ocr_line' id='line_1_37' title="bbox 138 2253 1027 2304; baseline -0.008 -8"><span class='ocrx_word' id='word_1_236' title='bbox 138 2258 263 2296; x_wconf 89' lang='lat' dir='ltr'>solum</span> <span class='ocrx_word' id='word_1_237' title='bbox 292 2256 459 2300; x_wconf 87' lang='lat' dir='ltr'>defuerit,</span> <span class='ocrx_word' id='word_1_238' title='bbox 489 2268 561 2292; x_wconf 90' lang='lat' dir='ltr'>nec</span> <span class='ocrx_word' id='word_1_239' title='bbox 589 2263 739 2304; x_wconf 88' lang='lat' dir='ltr'>partum</span> <span class='ocrx_word' id='word_1_240' title='bbox 769 2255 888 2304; x_wconf 85' lang='lat' dir='ltr'>gratia</span> <span class='ocrx_word' id='word_1_241' title='bbox 916 2253 1027 2290; x_wconf 89' lang='lat' dir='ltr'>talem</span> 
     </span>
    </p>

    <p class='ocr_par' dir='ltr' id='par_1_14' title="bbox 138 2314 1276 2487">
     <span class='ocr_line' id='line_1_38' title="bbox 138 2314 1276 2367; baseline -0.006 -13"><span class='ocrx_word' id='word_1_242' title='bbox 138 2329 253 2367; x_wconf 89' lang='lat' dir='ltr'>parva</span> <span class='ocrx_word' id='word_1_243' title='bbox 281 2323 419 2352; x_wconf 85' lang='lat' dir='ltr'>manet.</span> <span class='ocrx_word' id='word_1_244' title='bbox 478 2314 600 2352; x_wconf 88' lang='lat' dir='ltr'>Casus</span> <span class='ocrx_word' id='word_1_245' title='bbox 629 2314 770 2351; x_wconf 88' lang='lat' dir='ltr'>factum</span> <span class='ocrx_word' id='word_1_246' title='bbox 800 2314 1028 2362; x_wconf 88' lang='lat' dir='ltr'>quicumque</span> <span class='ocrx_word' id='word_1_247' title='bbox 1059 2319 1276 2359; x_wconf 86' lang='lat' dir='ltr'>sequentur,</span> 
     </span>
     <span class='ocr_line' id='line_1_39' title="bbox 138 2370 1256 2427; baseline -0.007 -12"><span class='ocrx_word' id='word_1_248' title='bbox 138 2390 206 2427; x_wconf 91' lang='lat' dir='ltr'>per</span> <span class='ocrx_word' id='word_1_249' title='bbox 234 2383 348 2424; x_wconf 89' lang='lat' dir='ltr'>caput</span> <span class='ocrx_word' id='word_1_250' title='bbox 374 2375 448 2411; x_wconf 89' lang='lat' dir='ltr'>hoc</span> <span class='ocrx_word' id='word_1_251' title='bbox 477 2375 572 2419; x_wconf 92' lang='lat' dir='ltr'>iuro,</span> <span class='ocrx_word' id='word_1_252' title='bbox 603 2386 669 2421; x_wconf 89' lang='lat' dir='ltr'>per</span> <span class='ocrx_word' id='word_1_253' title='bbox 700 2373 804 2422; x_wconf 91' lang='lat' dir='ltr'>quod</span> <span class='ocrx_word' id='word_1_254' title='bbox 832 2378 938 2420; x_wconf 87' lang='lat' dir='ltr'>pater</span> <span class='ocrx_word' id='word_1_255' title='bbox 967 2378 1054 2408; x_wconf 91' lang='lat' dir='ltr'>ante</span> <span class='ocrx_word' id='word_1_256' title='bbox 1083 2370 1256 2408; x_wconf 79' lang='lat' dir='ltr'>solebat:</span> 
     </span>
     <span class='ocr_line' id='line_1_40' title="bbox 138 2429 1134 2487; baseline -0.007 -13"><span class='ocrx_word' id='word_1_257' title='bbox 138 2447 238 2487; x_wconf 86' lang='lat' dir='ltr'>quae</span> <span class='ocrx_word' id='word_1_258' title='bbox 266 2435 332 2473; x_wconf 86' lang='lat' dir='ltr'>tibi</span> <span class='ocrx_word' id='word_1_259' title='bbox 360 2433 540 2485; x_wconf 89' lang='lat' dir='ltr'>polliceor</span> <span class='ocrx_word' id='word_1_260' title='bbox 568 2433 697 2470; x_wconf 87' lang='lat' dir='ltr'>reduci</span> <span class='ocrx_word' id='word_1_261' title='bbox 725 2432 915 2480; x_wconf 87' lang='lat' dir='ltr'>rebusque</span> <span class='ocrx_word' id='word_1_262' title='bbox 946 2429 1134 2477; x_wconf 89' lang='lat' dir='ltr'>secundis,</span> 
     </span>
    </p>
   </div>
   <div class='ocr_carea' id='block_1_3' title="bbox 1469 310 1527 349">
    <p class='ocr_par' dir='ltr' id='par_1_15' title="bbox 1469 310 1527 349">
     <span class='ocr_line' id='line_1_41' title="bbox 1469 310 1527 349; baseline -0.017 -9"><span class='ocrx_word' id='word_1_263' title='bbox 1469 310 1527 349; x_wconf 85' lang='lat'>265</span> 
     </span>
    </p>
   </div>
   <div class='ocr_carea' id='block_1_4' title="bbox 1469 615 1530 646">
    <p class='ocr_par' dir='ltr' id='par_1_16' title="bbox 1469 615 1530 646">
     <span class='ocr_line' id='line_1_42' title="bbox 1469 615 1530 646; baseline 0 -11"><span class='ocrx_word' id='word_1_264' title='bbox 1469 615 1530 646; x_wconf 87' lang='lat'>²70</span> 
     </span>
    </p>
   </div>
   <div class='ocr_carea' id='block_1_5' title="bbox 1466 1196 1527 1227">
    <p class='ocr_par' dir='ltr' id='par_1_17' title="bbox 1466 1196 1527 1227">
     <span class='ocr_line' id='line_1_43' title="bbox 1466 1196 1527 1227; baseline -0.016 0"><span class='ocrx_word' id='word_1_265' title='bbox 1466 1196 1527 1227; x_wconf 85' lang='lat'>280</span> 
     </span>
    </p>
   </div>
   <div class='ocr_carea' id='block_1_6' title="bbox 1465 1492 1522 1531">
    <p class='ocr_par' dir='ltr' id='par_1_18' title="bbox 1465 1492 1522 1531">
     <span class='ocr_line' id='line_1_44' title="bbox 1465 1492 1522 1531; baseline 0 -9"><span class='ocrx_word' id='word_1_266' title='bbox 1465 1492 1522 1531; x_wconf 84' lang='lat'>285</span> 
     </span>
    </p>
   </div>
   <div class='ocr_carea' id='block_1_7' title="bbox 1461 1795 1523 1826">
    <p class='ocr_par' dir='ltr' id='par_1_19' title="bbox 1461 1795 1523 1826">
     <span class='ocr_line' id='line_1_45' title="bbox 1461 1795 1523 1826; baseline 0 -10"><span class='ocrx_word' id='word_1_267' title='bbox 1461 1795 1523 1826; x_wconf 85' lang='lat'>²90</span> 
     </span>
    </p>
   </div>
   <div class='ocr_carea' id='block_1_8' title="bbox 1458 2089 1519 2122">
    <p class='ocr_par' dir='ltr' id='par_1_20' title="bbox 1458 2089 1519 2122">
     <span class='ocr_line' id='line_1_46' title="bbox 1458 2089 1519 2122; baseline -0.016 0"><span class='ocrx_word' id='word_1_268' title='bbox 1458 2089 1519 2122; x_wconf 78' lang='lat'>295</span> 
     </span>
    </p>
   </div>
   <div class='ocr_carea' id='block_1_9' title="bbox 1455 2385 1517 2416">
    <p class='ocr_par' dir='ltr' id='par_1_21' title="bbox 1455 2385 1517 2416">
     <span class='ocr_line' id='line_1_47' title="bbox 1455 2385 1517 2416; baseline 0 -9"><span class='ocrx_word' id='word_1_269' title='bbox 1455 2385 1517 2416; x_wconf 80' lang='lat'>300</span> 
     </span>
    </p>
   </div>
  </div>
 </body>
</html>
