1669 2737
534 86 699 121 LIBER
735 86 843 123 VIII.
880 93 897 120 1
907 81 988 133 46—
997 93 1018 122 2
1025 93 1046 123 2
1052 94 1089 136 3.

135 209 201 234 rex
229 194 429 233 Evandrus
457 195 534 233 ait:
575 194 690 233 ‘Non
719 194 815 232 haec
844 194 1045 232 sollemnia
1076 195 1201 241 nobis,

135 256 204 293 has
231 267 278 293 ex
306 267 414 292 more
444 255 572 304 dapes,
602 254 702 292 hanc
731 255 824 292 tanti
854 255 1021 291 numinis
1051 265 1154 291 aram

135 328 232 353 vana
261 316 476 365 superstitio
504 322 750 365 veterumque
780 316 912 364 ignara
942 315 1103 352 deorum

134 375 341 425 imposuit:
382 376 513 422 saevis,
546 376 690 424 hospes
719 375 901 420 Troiane,
932 374 1082 424 periclis

135 435 269 472 servati
298 434 457 473 facimus
484 435 716 484 meritosque
745 446 932 471 novamus
961 434 1138 471 honores.

135 494 219 531 Iam
248 494 413 543 primum
441 494 542 532 saxis
571 505 799 542 suspensam
828 492 927 530 hanc
957 493 1084 541 aspice
1113 504 1258 541 rupem,

135 554 312 592 disiectae
342 554 476 604 procul
502 560 543 591 ut
570 554 692 591 moles
721 554 945 603 desertaque
975 554 1116 590 montis

135 620 208 651 stat
237 613 375 651 domus
404 620 440 651 et
470 613 615 662 scopuli
645 613 841 662 ingentem
871 619 1018 650 traxere
1048 613 1211 650 ruinam.

136 672 212 710 Hic
241 673 423 722 spelunca
451 672 530 717 fuit,
560 678 667 709 vasto
697 679 890 710 summota
918 684 1082 717 recessu,

135 731 397 770 semihominis
427 731 519 769 Caci
547 731 663 769 facies
693 743 810 780 quam
840 731 921 768 dira
949 732 1114 776 tenebat,

135 792 225 829 solis
253 792 491 829 inaccessam
519 791 654 836 radiis;
695 802 924 840 semperque
954 792 1097 828 recenti

135 850 252 889 caede
281 851 436 900 tepebat
464 849 615 895 humus,
645 850 867 899 foribusque
897 850 1009 887 affixa
1038 850 1212 899 superbis

135 921 200 947 ora
227 910 348 946 virum
375 909 469 946 tristi
497 908 718 958 pendebant
745 909 884 958 pallida
913 910 1014 946 tabo.

136 969 240 1007 Huic
267 975 440 1006 monstro
468 968 666 1006 Vulcanus
695 976 773 1006 erat
801 976 931 1018 pater:
971 969 1068 1006 illius
1097 974 1198 1006 atros

135 1041 200 1067 ore
228 1041 388 1066 vomens
418 1029 526 1077 ignes
555 1040 698 1077 magna
727 1041 767 1066 se
795 1028 898 1065 mole
927 1028 1081 1066 ferebat.

134 1088 268 1126 Attulit
296 1095 332 1125 et
360 1088 471 1125 nobis
501 1087 705 1137 aliquando
735 1089 955 1137 optantibus
985 1094 1089 1125 aetas

135 1147 315 1185 auxilium
345 1147 625 1196 adventumque
656 1147 727 1184 dei.
784 1146 887 1184 Nam
916 1147 1106 1183 maximus
1136 1145 1246 1191 ultor,

136 1207 335 1256 tergemini
365 1219 460 1244 nece
490 1206 691 1255 Geryonae
722 1207 930 1255 spoliisque
960 1206 1156 1254 superbus,

136 1265 290 1303 Alcides
320 1265 449 1302 aderat
477 1272 684 1315 taurosque
713 1265 785 1303 hac
815 1267 933 1303 victor
963 1266 1100 1314 agebat

136 1326 321 1375 ingentes,
352 1325 564 1374 vallemque
593 1326 712 1363 boves
741 1337 973 1374 amnemque
1002 1325 1194 1362 tenebant.

137 1385 188 1421 At
216 1384 318 1421 furiis
349 1383 442 1421 Caci
470 1396 581 1421 mens
610 1383 735 1429 effera,
766 1396 815 1421 ne
844 1384 935 1433 quid
964 1384 1142 1421 inausum

137 1449 202 1480 aut
231 1443 469 1480 intractatum
498 1442 695 1480 scelerisve
725 1442 849 1480 dolive
879 1440 1022 1487 fuisset,

137 1508 315 1551 quattuor
344 1514 366 1539 a
395 1502 551 1539 stabulis
580 1503 786 1550 praestanti
815 1514 977 1551 corpore
1006 1508 1134 1539 tauros

137 1562 277 1607 avertit,
308 1561 468 1598 totidem
497 1560 621 1597 forma
651 1567 855 1609 superante
885 1562 1086 1598 iuvencas:

136 1627 250 1669 atque
278 1619 362 1666 hos,
391 1632 440 1657 ne
469 1631 545 1669 qua
574 1618 697 1656 forent
725 1620 887 1669 pedibus
915 1620 1073 1669 vestigia
1103 1620 1224 1665 rectis,

137 1679 259 1716 cauda
287 1679 327 1715 in
356 1678 580 1727 speluncam
609 1684 749 1715 tractos
777 1679 971 1727 versisque
999 1678 1143 1715 viarum

136 1737 284 1775 indiciis
312 1743 443 1786 raptos
472 1748 566 1774 saxo
595 1737 810 1775 occultabat
839 1750 987 1786 opaco:

136 1795 331 1845 quaerenti
359 1795 461 1832 nulla
491 1795 540 1832 ad
568 1795 790 1844 speluncam
820 1796 929 1844 signa
957 1795 1138 1833 ferebant.

136 1855 298 1900 Interea,
329 1866 418 1891 curn
446 1854 524 1891 iam
554 1854 709 1891 stabulis
739 1861 904 1892 saturata
934 1861 1102 1891 moveret

136 1912 498 1962 Amphitryoniades
528 1919 702 1950 armenta
731 1914 951 1963 abitumque
979 1920 1139 1963 pararet,

137 1973 308 2011 discessu
336 1972 482 2021 mugire
511 1972 629 2010 boves
658 1978 771 2021 atque
801 1984 916 2010 omne
933 1970 1121 2021 ¹querellis

137 2031 284 2080 impleri
313 2042 449 2068 nemus
478 2037 515 2068 et
544 2030 660 2068 colles
689 2031 855 2068 clamore
883 2031 1053 2079 relinqui.

138 2089 319 2127 Reddidit
345 2101 422 2125 una
450 2089 570 2126 boum
597 2100 734 2126 vocem
763 2096 946 2138 vastoque
976 2089 1046 2126 sub
1074 2094 1182 2126 antro

136 2149 271 2198 mugiit
300 2154 337 2186 et
365 2148 457 2186 Caci
487 2160 595 2198 spem
627 2149 816 2186 custodita
844 2148 982 2186 fefellit.

138 2209 216 2247 Hic
243 2220 333 2246 vero
362 2208 521 2246 Alcidae
550 2209 652 2246 furiis
682 2214 873 2246 exarserat
901 2215 982 2246 atro

137 2267 222 2305 felle
251 2267 385 2305 dolor:
424 2267 520 2316 rapit
548 2279 653 2305 arma
681 2279 798 2304 manu
826 2267 1015 2317 nodisque
1043 2275 1240 2317 gravatum

136 2327 251 2365 robur
280 2332 316 2364 et
345 2327 433 2363 aerii
463 2339 576 2364 cursu
604 2327 697 2376 petit
725 2326 842 2364 ardua
870 2328 1023 2365 montis.

134 2380 243 2424 Tum
270 2386 436 2436 primum
465 2387 584 2424 nostri
614 2387 761 2425 Cacum
790 2387 914 2425 videre
943 2388 1141 2426 timentem

137 2447 407 2497 turbatumque
435 2447 575 2484 oculis:
616 2446 710 2496 fugit
739 2446 838 2485 ilicet
866 2448 973 2485 ocior
1000 2447 1106 2485 Euro

1437 92 1515 135 237

1462 204 1518 240 185

1461 508 1520 539 190

1461 805 1515 837 195

1457 1102 1518 1123 200

1457 1398 1515 1429 ²05

1456 1693 1519 1715 210

1457 1988 1515 2019 215

1457 2284 1516 2306 220
