1669 2737
135 61 218 105 268
714 63 939 100 AENEIS.

137 184 249 227 atque
277 177 337 215 his
366 176 563 214 ardentem
593 174 702 212 dictis
732 174 867 210 affatur
895 172 1046 210 Iulum:

142 237 218 274 ‘Sit
247 236 348 282 satis,
377 235 539 280 Aenide,
568 233 651 271 telis
680 234 836 282 impune
865 231 1089 268 Numanum

138 295 344 345 oppetiisse
372 295 466 340 tuis;
506 294 666 342 primam
695 292 793 328 hanc
821 291 888 328 tibi
916 302 1080 339 magnus
1109 288 1250 338 Apollo

139 355 315 394 concedit
343 353 494 391 laudern
523 359 559 390 et
588 352 741 401 paribus
771 363 850 388 non
879 350 1020 387 invidet
1050 349 1186 386 armis:

139 421 263 452 cetera
291 425 415 462 parce,
445 424 549 461 puer,
578 410 699 449 bello.’
758 410 820 448 Sic
849 422 957 447 orsus
986 408 1129 458 Apollo

139 473 317 510 mortales
346 472 475 509 medio
505 478 681 520 aspectus
711 481 888 507 sermone
917 469 1065 518 reliquit

140 540 176 570 et
203 531 336 582 procul
366 532 404 568 in
433 537 588 568 tenuem
617 542 665 567 ex
694 530 813 567 oculis
842 528 991 566 evanuit
1020 538 1161 564 auram.

140 594 342 641 Agnovere
372 591 487 629 deum
516 602 691 639 proceres
722 589 922 638 divinaque
950 588 1024 625 tela

141 651 383 689 Dardanidae
410 650 705 699 pharetramque
735 648 824 696 fuga
853 659 1006 684 sensere
1035 651 1250 684 sonantem.

141 711 244 759 Ergo
274 710 426 747 avidum
455 721 610 758 pugnae
639 708 747 744 dictis
776 719 820 744 ac
849 707 1004 743 numine
1034 705 1181 742 Phoebi

141 770 351 808 Ascanium
379 768 592 818 prohibent,
623 767 693 816 ipsi
721 767 759 803 in
788 766 994 804 certamina
1020 776 1148 802 rursus

143 828 354 866 succedunt
382 827 604 876 animasque
633 827 672 862 in
702 832 832 875 aperta
860 824 1024 874 pericula
1051 824 1216 861 mittunt.

143 888 178 925 It
206 888 350 925 clamor
378 886 466 923 totis
494 898 562 935 per
589 883 878 934 propugnacula
906 883 1032 929 muris,

143 947 342 985 intendunt
370 958 477 983 acres
505 957 614 982 arcus
644 951 914 993 ammentaque
943 948 1133 992 torquent.

146 1007 330 1044 Sternitur
359 1017 475 1042 omne
505 1004 629 1041 solum
658 1003 750 1048 telis,
782 1010 863 1039 tum
893 1009 999 1039 scuta
1028 1013 1219 1050 cavaeque

145 1066 237 1103 dant
265 1065 431 1102 sonitum
460 1063 563 1101 flictu
593 1062 734 1111 galeae,
765 1073 896 1111 pugna
925 1073 1059 1110 aspera
1087 1060 1227 1109 surgit:

145 1130 308 1174 quantus
337 1124 385 1161 ab
413 1135 555 1160 occasu
583 1122 738 1158 veniens
766 1120 990 1170 pluvialibus
1020 1119 1166 1157 Haedis

146 1185 316 1221 verberat
343 1183 463 1219 imber
491 1182 662 1227 humum,
692 1192 807 1229 quam
837 1179 955 1216 multa
982 1178 1166 1228 grandine
1196 1177 1316 1214 nimbi

146 1244 185 1280 in
209 1243 305 1280 vada
333 1242 593 1292 praecipitant,
625 1252 713 1277 cum
742 1239 912 1288 Iuppiter
940 1237 1114 1275 horridus
1143 1237 1289 1274 Austris

148 1309 297 1351 torquet
326 1313 514 1350 aquosam
542 1300 709 1337 hiemem
738 1305 775 1336 et
805 1299 911 1336 caelo
941 1310 1034 1335 cava
1061 1297 1193 1334 nubila
1221 1295 1369 1344 rumpit.

201 1361 397 1399 Pandarus
427 1367 463 1398 et
492 1360 619 1404 Bitias,
650 1359 768 1396 Idaeo
797 1358 988 1395 Alcanore
1017 1357 1117 1403 creti,

149 1434 246 1471 quos
275 1421 376 1458 Iovis
406 1420 535 1457 eduxit
563 1419 651 1456 luco
682 1417 857 1455 silvestris
886 1417 994 1454 Iaera

150 1481 337 1518 abietibus
365 1480 518 1516 iuvenes
547 1478 674 1527 patriis
703 1484 740 1514 et
767 1476 962 1514 montibus
992 1487 1149 1524 aequos,

149 1548 312 1590 portam,
342 1550 439 1588 quae
470 1537 575 1575 ducis
604 1537 764 1585 imperio
794 1536 1013 1579 commissa,
1042 1534 1251 1580 recludunt,

150 1600 233 1637 freti
263 1599 388 1642 armis,
418 1598 593 1645 ultroque
621 1597 780 1633 invitant
810 1595 1012 1632 moenibus
1041 1594 1200 1630 hostem.

151 1659 230 1708 Ipsi
259 1660 358 1696 intus
388 1658 521 1695 dextra
549 1669 594 1694 ac
622 1657 727 1694 laeva
756 1667 825 1705 pro
854 1656 1017 1692 turribus
1047 1660 1181 1699 astant,

152 1719 286 1756 armati
315 1718 413 1755 ferro
443 1723 480 1754 et
509 1716 631 1754 cristis
659 1715 783 1764 capita
811 1715 885 1751 alta
914 1713 1084 1750 corusci:

152 1777 284 1827 quales
312 1777 432 1813 aeriae
461 1775 643 1824 liquentia
671 1774 828 1810 flumina
859 1773 1010 1817 circum,

153 1838 228 1874 sive
258 1836 352 1874 Padi
380 1837 470 1885 ripis
501 1835 674 1872 Athesim
703 1846 770 1871 seu
799 1840 952 1883 propter
980 1843 1198 1877 amoenum,

153 1902 387 1945 consurgunt
415 1895 589 1944 geminae
619 1904 781 1942 quercus
811 1892 1038 1938 intonsaque
1068 1890 1173 1927 caelo

154 1955 329 1992 attollunt
358 1955 482 2003 capita
510 1960 547 1990 et
577 1952 726 1990 sublimi
755 1951 893 1988 vertice
921 1956 1064 1986 nutant.

154 2014 372 2063 Irrumpunt
401 2013 523 2050 aditus
553 2012 683 2049 Rutuli
711 2017 751 2048 ut
779 2010 905 2047 videre
934 2015 1116 2057 patentes.

155 2073 349 2112 Continuo
379 2072 578 2118 Quercens
608 2078 644 2108 et
672 2069 829 2119 pulcher
857 2067 1068 2117 Aquiculus
1097 2066 1212 2103 armis

155 2139 192 2170 et
221 2144 405 2182 praeceps
434 2131 549 2168 animi
579 2130 743 2167 Tmarus
773 2136 809 2166 et
838 2127 1048 2164 Mavortius
1077 2125 1261 2162 Haemon

155 2192 370 2241 agminibus
399 2191 486 2228 totis
515 2198 578 2227 aut
608 2189 702 2225 versi
731 2196 838 2236 terga
867 2185 1017 2231 dedere,

156 2260 220 2288 aut
249 2251 332 2300 ipso
361 2257 493 2300 portae
522 2260 684 2297 posuere
713 2248 752 2284 in
781 2246 909 2283 limine
938 2245 1062 2281 vitam.

157 2310 261 2347 Tum
290 2309 412 2357 magis
441 2310 655 2345 increscunt
683 2306 819 2344 animis
850 2303 1088 2342 discordibus
1116 2302 1217 2349 irae3

157 2376 194 2407 et
221 2370 297 2405 iam
327 2368 473 2405 collecti
503 2367 627 2404 Troes
656 2366 914 2415 glomerantur
945 2362 1083 2400 eodem

158 2438 196 2468 et
223 2428 398 2467 conferre
427 2440 585 2465 manum
615 2434 652 2465 et
680 2437 900 2476 procurrere
929 2423 1081 2472 longius
1109 2422 1263 2460 audent.

1458 647 1521 680 660

1461 944 1522 986 665

1464 1240 1527 1281 670

1472 1834 1534 1866 680

1473 2128 1533 2169 685

1473 2423 1536 2466 690
