1669 2737
467 81 682 118 ECLOGA
714 82 784 117 JV.
815 75 942 130 56—
962 82 1001 118 V.
1035 77 1102 126 64.

90 191 219 229 libavit
247 191 475 241 quadrupes,
506 203 579 229 nec
607 190 790 241 graminis
819 186 939 240 attigit
967 189 1136 228 herbam.

90 249 257 300 Daphni,
287 257 394 288 tuum
423 251 576 288 Poenos
605 251 719 288 etiarn
747 251 980 300 ingemuisse
1008 250 1141 287 leones

90 309 281 347 interitum
309 317 539 359 montesque
568 309 636 347 feri
666 310 856 360 silvaeque
885 310 1100 359 loquuntur.

90 368 266 417 Daphnis
295 377 332 407 et
359 370 563 418 Armenias
592 381 702 406 curru
732 370 960 417 subiungere
989 370 1102 418 tigres

90 428 259 473 instituit,
289 428 466 478 Daphnis
494 428 637 466 thiasos
666 428 845 465 inducere
874 427 1017 465 Bacchi

90 494 126 524 et
156 487 252 525 foliis
280 487 402 525 lentas
430 488 600 525 intexere
628 488 806 525 mollibus
835 488 972 525 hastas.

90 546 188 584 Vitis
217 553 258 584 ut
286 548 482 585 arboribus
511 547 641 584 decori
670 554 737 593 est,
767 554 807 584 ut
835 547 971 584 vitibus
1001 559 1107 592 uvae,

89 611 130 642 ut
158 607 338 655 gregibus
366 607 472 652 tauri,
503 614 651 656 segetes
680 614 721 643 ut
750 608 956 656 pinguibus
986 607 1094 650 arvis,

89 671 131 702 tu
160 665 277 703 decus
306 677 422 703 omne
450 665 532 703 tuis.
593 665 801 715 Postquam
830 672 866 702 te
895 665 971 702 fata
998 666 1172 709 tulerunt,

89 724 173 772 ipsa
201 724 310 762 Pales
338 736 452 773 agros
481 731 595 774 atque
624 725 705 774 ipse
734 725 882 774 reliquit
911 724 1065 773 Apollo.

91 782 260 821 Grandia
288 796 402 833 saepe
431 784 569 833 quibus
599 784 865 821 mandavimus
895 783 1037 821 hordea
1065 783 1189 826 sulcis,

89 842 219 881 infelix
247 844 379 881 lolium
407 851 445 881 et
473 843 615 881 steriles
644 851 851 881 nascuntur
879 856 1044 890 avenae3

90 914 163 952 pro
192 903 298 941 molli
326 903 435 949 viola,
464 915 535 953 pro
564 915 756 953 purpureo
785 904 955 941 narcisso

91 962 254 1000 carduus
283 969 320 1000 et
349 963 466 1013 spinis
494 964 615 1012 surgit
643 964 810 1012 paliurus
839 964 969 1000 acutis.

91 1021 265 1071 Spargite
294 1022 456 1059 humum
484 1022 594 1068 foliis,
624 1023 790 1060 inducite
820 1023 987 1060 fontibus
1016 1023 1181 1065 umbras,

89 1089 273 1131 pastores,
302 1082 459 1120 mandat
487 1082 567 1119 fieri
597 1083 667 1119 sibi
695 1082 784 1120 talia
813 1082 1000 1132 Daphnis,

90 1147 127 1179 et
154 1141 343 1179 tumulum
371 1141 494 1187 facite,
523 1148 559 1178 et
588 1141 735 1178 tumulo
765 1154 878 1191 super
907 1142 1031 1179 addite
1062 1153 1243 1179 carmen:

90 1200 289 1251 ‘Daphnis
319 1212 393 1250 ego
423 1201 462 1237 in
491 1201 602 1247 silvis,
632 1201 722 1238 hinc
751 1214 871 1250 usque
901 1202 950 1238 ad
980 1201 1102 1238 sidera
1131 1208 1257 1244 notus,

89 1259 249 1298 formosi
277 1260 429 1309 pecoris
458 1267 599 1305 custos,
630 1259 832 1298 formosior
861 1261 965 1309 ipse.¹

143 1318 223 1357 Me.
253 1319 348 1356 Tale
377 1326 485 1356 tuum
515 1332 669 1357 carmen
699 1320 822 1363 nobis,
853 1320 977 1356 divine
1006 1325 1133 1368 poeta,

90 1379 200 1428 quale
229 1390 345 1428 sopor
374 1379 483 1416 fessis
511 1379 551 1415 in
580 1379 760 1428 gramine,
791 1379 903 1428 quale
934 1392 1001 1428 per
1030 1387 1177 1416 aestum

68 1439 210 1479 ,dulcis
238 1450 359 1488 aquae
388 1438 545 1476 saliente
575 1439 675 1475 sitim
702 1439 935 1487 restinguere
963 1440 1054 1476 rivo.

90 1498 174 1536 Nec
203 1498 357 1535 calamis
385 1498 509 1535 solum
538 1499 772 1548 aequiperas,
803 1498 871 1536 sed
900 1510 992 1536 voce
1020 1498 1255 1546 magistrum.

90 1557 297 1595 Fortunate
325 1569 430 1607 puer,
460 1564 500 1594 tu
529 1569 632 1594 nunc
662 1558 734 1594 eris
762 1557 854 1594 alter
883 1557 930 1594 ab
959 1557 1032 1594 illo.

89 1616 175 1654 Nos
203 1623 333 1654 tamen
360 1616 456 1654 haec
485 1628 731 1666 quocumque
760 1617 879 1654 modo
909 1617 975 1653 tibi
1005 1623 1135 1653 nostra
1163 1616 1328 1652 vicissim

90 1676 272 1722 dicemus,
302 1676 576 1725 Daphnimque
605 1682 713 1713 tuum
741 1676 918 1712 tollemus
948 1675 996 1712 ad
1025 1683 1148 1721 astra;

89 1735 286 1785 Daphnim
315 1736 366 1773 ad
393 1742 493 1773 astra
522 1735 709 1772 feremus:
746 1736 885 1772 amavit
914 1747 986 1771 nos
1016 1746 1170 1784 quoque
1199 1732 1388 1783 Daphnis.

144 1794 225 1833 Mo.
254 1795 317 1832 An
345 1795 552 1844 quicquam
580 1795 692 1832 nobis
720 1794 783 1831 tali
812 1795 858 1831 sit
886 1806 1044 1831 munere
1074 1793 1223 1830 maius?

89 1861 127 1893 et
154 1867 249 1904 puer
277 1855 359 1903 ipse
388 1854 457 1891 fuit
485 1855 626 1892 cantari
656 1854 808 1902 dignus,
837 1861 874 1890 et
902 1854 973 1890 ista

90 1915 165 1952 iam
193 1913 341 1964 pridem
371 1913 584 1951 Stimichon
612 1913 776 1950 laudavit
806 1913 976 1950 carmina
1005 1912 1128 1949 nobis.

142 1973 223 2011 Me.
252 1971 449 2010 Candidus
476 1972 669 2009 insuetum
697 1972 853 2009 miratur
881 1972 998 2009 limen
1028 1971 1183 2020 Olympi

91 2033 162 2071 sub
189 2031 428 2082 pedibusque
455 2031 556 2069 videt
583 2032 705 2069 nubes
734 2038 772 2068 et
799 2031 923 2068 sidera
952 2031 1139 2080 Daphnis.

89 2092 196 2142 Ergo
225 2091 359 2129 alacris
387 2091 488 2129 silvis
517 2097 554 2128 et
583 2098 708 2129 cetera
737 2103 823 2128 rura
851 2091 1025 2140 voluptas

90 2151 272 2200 Panaque
300 2156 550 2200 pastoresque
579 2156 682 2188 tenet
710 2149 962 2199 Dryadasque
991 2149 1146 2198 puellas.

91 2210 176 2249 Nec
203 2211 317 2259 lupus
344 2210 500 2248 insidias
527 2210 667 2259 pecori,
697 2221 769 2246 nec
798 2210 889 2246 retia
918 2209 1036 2246 cervis

90 2268 167 2307 ulla
195 2269 326 2307 dolum
353 2269 585 2306 meditantur
595 2281 605 2315 ;
647 2276 748 2306 amat
776 2269 902 2306 bonus
932 2269 1008 2306 otia
1036 2267 1223 2318 Daphnis.

91 2329 172 2378 Ipsi
198 2328 339 2366 laetitia
364 2340 480 2367 voces
508 2328 558 2366 ad
586 2328 709 2366 sidera
736 2328 877 2366 iactant

91 2388 232 2425 intonsi
259 2395 433 2435 montes;
471 2388 577 2437 ipsae
605 2388 682 2425 iam
712 2387 881 2425 carmina
910 2400 1035 2437 rupes,

92 2447 175 2497 ipsa
203 2453 343 2484 sonant
368 2447 541 2485 arbusta:
582 2446 721 2493 ‘Deus,
753 2446 847 2485 deus
876 2446 947 2493 ille,
979 2447 1195 2486 Menalcal’

1429 88 1475 116 11

1442 442 1481 472 30

1439 738 1478 769 35

1439 1035 1480 1064 40

1438 1333 1476 1364 45

1437 1630 1478 1660 50

1439 1926 1476 1957 55

1437 2213 1478 2244 60
