1669 2737
167 90 223 144 76
724 96 1012 133 GEORGJCA.

166 211 312 243 aestuat
340 211 381 242 ut
409 204 548 243 clausis
575 203 731 254 rapidus
762 204 982 243 fornacibus
1011 205 1135 254 ignis:

166 264 228 302 hic
257 265 333 301 iarn
362 264 574 313 galbaneos
603 263 776 301 suadebo
805 264 1012 302 incendere
1041 265 1182 302 odores

166 323 355 372 mellaque
386 323 631 361 harundineis
661 323 799 361 inferre
829 324 1036 369 canalibus,
1068 324 1168 361 ultro

166 381 383 420 hortantem
414 389 451 420 et
480 383 599 420 fessas
629 382 678 420 ad
708 382 847 431 pabula
875 390 968 420 nota
996 389 1213 421 vocantem.

168 441 340 479 Proderit
368 448 405 479 et
432 448 587 479 tunsum
617 441 738 491 gallae
768 442 978 479 admiscere
1008 453 1187 491 saporem

167 509 394 551 arentesque
422 513 530 539 rosas
559 508 624 538 aut
652 501 731 550 igni
761 502 922 550 pinguia
952 502 1074 539 multo

168 561 314 599 defruta
342 560 400 598 vel
429 560 568 609 psithia
596 572 732 609 passos
762 561 810 598 de
840 561 913 597 vite
942 573 1117 599 racemos

168 621 478 669 Cecropiumque
507 620 680 669 thymum
710 625 748 657 et
776 632 891 669 grave
921 620 1064 658 olentia
1092 627 1307 658 centaurea.

167 679 238 717 Est
267 680 380 716 etiam
411 679 483 716 flos
511 679 549 715 in
579 679 706 728 pratis,
736 680 797 716 cui
827 691 970 716 nomen
999 680 1137 717 amello

169 739 291 776 fecere
320 738 522 788 agricolae,
552 737 673 776 facilis
702 739 972 787 quaerentibus
1000 739 1140 780 herba:

168 811 337 847 namque
366 810 445 835 uno
473 798 671 847 ingentem
701 798 795 835 tollit
823 799 870 836 de
901 800 1068 847 caespite
1099 800 1232 836 silvam

169 871 305 896 aureus
334 859 427 907 ipse,
458 858 527 895 sed
555 858 594 894 in
625 857 735 903 foliis,
766 870 865 908 quae
894 859 1057 907 plurima
1086 859 1230 895 circum

170 918 388 962 funduntur,
419 917 540 954 violae
569 917 742 954 sublucet
772 930 941 967 purpura
969 918 1124 967 nigrae;

170 990 284 1027 saepe
316 978 431 1015 deum
460 977 569 1014 nexis
599 984 757 1014 ornatae
786 978 986 1026 torquibus
1016 990 1128 1024 arae;

170 1050 282 1086 asper
311 1038 350 1074 in
379 1048 446 1074 ore
476 1049 612 1086 sapor3
652 1037 774 1074 tonsis
803 1037 840 1073 in
870 1037 1030 1074 vallibus
1060 1037 1164 1074 illurn

169 1104 344 1146 pastores
373 1102 410 1132 et
439 1108 551 1133 curva
580 1096 712 1144 legunt
740 1108 862 1145 prope
892 1096 1051 1133 flumina
1085 1096 1235 1133 Mellae.

171 1157 298 1194 Huius
328 1156 490 1193 odorato
521 1156 668 1193 radices
698 1156 863 1205 incoque
894 1155 1061 1202 Baccho,

170 1216 385 1266 pabulaque
415 1216 454 1252 in
485 1215 628 1252 foribus
657 1216 780 1264 plenis
811 1227 964 1265 appone
995 1216 1180 1253 canistris.

226 1275 302 1312 Sed
332 1276 361 1312 si
393 1287 508 1324 quem
539 1275 667 1324 proles
696 1275 822 1312 subito
853 1274 1033 1312 defecerit
1061 1275 1201 1319 omnis,

170 1348 254 1381 nec,
283 1348 406 1384 genus
434 1335 536 1372 unde
567 1346 688 1372 novae
719 1335 844 1383 stirpis
873 1341 1080 1380 revocetur,
1111 1334 1277 1380 habebit,

171 1406 323 1444 ternpus
353 1403 389 1432 et
418 1395 572 1432 Arcadii
602 1394 853 1431 memoranda
882 1394 1034 1431 inventa
1063 1394 1233 1442 magistri

171 1455 353 1504 pandere,
384 1467 541 1504 quoque
570 1454 690 1491 modo
721 1455 843 1491 caesis
873 1454 949 1490 iam
979 1466 1093 1502 saepe
1124 1454 1291 1491 iuvencis

171 1516 381 1552 insincerus
411 1527 504 1563 apes
532 1514 655 1551 tulerit
679 1526 802 1552 cruor.
860 1514 983 1551 Altius
1013 1525 1172 1550 omnem

171 1575 375 1623 expediam
405 1574 528 1622 prima
557 1580 734 1622 repetens
762 1574 810 1610 ab
840 1573 985 1621 origine
1015 1573 1170 1609 famam.

173 1634 275 1671 Nam
306 1645 381 1682 qua
411 1633 549 1669 Pellaei
578 1645 674 1681 gens
705 1633 895 1669 fortunata
924 1631 1075 1681 Canopi

172 1694 309 1731 accolit
338 1692 460 1729 effuso
491 1700 733 1741 stagnantem
764 1692 921 1729 flumine
951 1691 1081 1728 Nilum

173 1760 210 1790 et
238 1754 380 1790 circum
409 1752 520 1801 pictis
550 1752 694 1789 vehitur
724 1765 792 1789 sua
822 1763 907 1788 rura
936 1751 1112 1800 phaselis,

173 1825 325 1862 quaque
355 1812 592 1861 pharetratae
622 1811 759 1848 vicinia
789 1810 955 1847 Persidis
985 1817 1108 1859 urget,

173 1881 210 1910 et
239 1873 387 1909 diversa
415 1883 529 1908 ruens
559 1878 706 1920 septem
736 1870 909 1908 discurrit
938 1870 977 1906 in
1007 1882 1075 1907 ora

172 1940 209 1969 et
238 1932 394 1969 viridem
424 1932 647 1980 Aegyptum
677 1930 787 1978 nigra
816 1929 995 1967 fecundat
1024 1929 1166 1966 harena

172 2003 293 2040 usque
323 1990 503 2028 coloratis
533 1990 656 2026 amnis
687 1989 854 2026 devexus
884 1989 932 2025 ab
961 1989 1080 2032 Indis,

171 2050 298 2087 omnis
327 2051 365 2086 in
395 2050 468 2087 hac
497 2055 639 2086 certam
668 2049 772 2097 regio
802 2049 889 2086 iacit
919 2054 997 2085 arte
1027 2048 1199 2085 salutem.

171 2110 343 2158 Exiguus
372 2110 538 2158 primum
567 2116 680 2158 atque
710 2110 815 2158 ipsos
845 2115 1061 2146 contractus
1090 2108 1128 2144 in
1159 2120 1251 2146 usus

172 2171 320 2218 eligitur
348 2170 477 2215 locus;
518 2170 620 2206 hunc
650 2169 878 2217 angustique
907 2168 1063 2205 imbrice
1093 2168 1181 2205 tecti

172 2229 455 2278 parietibusque
485 2236 663 2277 premunt
692 2229 794 2273 artis,
823 2235 859 2265 et
889 2234 1067 2276 quattuor
1096 2227 1243 2264 addunt

173 2294 351 2337 quattuor
379 2300 401 2324 a
430 2289 551 2325 ventis
580 2287 737 2337 obliqua
765 2288 849 2324 luce
878 2286 1073 2324 fenestras.

173 2348 277 2384 Tum
306 2347 442 2384 vitulus
472 2348 577 2384 bima
606 2359 765 2384 curvans
794 2348 869 2383 iam
899 2357 1043 2383 cornua
1072 2345 1195 2383 fronte

174 2407 388 2457 quaeritur;
426 2406 514 2444 huic
544 2407 720 2455 geminae
750 2418 859 2443 nares
888 2412 925 2442 et
954 2405 1107 2454 spiritus
1137 2405 1213 2442 oris

173 2466 292 2504 multa
319 2466 518 2503 reluctanti
547 2466 763 2511 obstruitur,
793 2465 993 2514 plagisque
1023 2470 1223 2514 perempto

1500 328 1561 367 265

1502 633 1564 665 270

1502 1221 1565 1252 280

1503 1519 1562 1559 285

1504 1825 1567 1857 290

1502 2123 1563 2156 ²95

1501 2421 1564 2454 300
