1669 2737
573 86 741 122 LIBER
770 87 839 124 IV.
875 82 1084 140 263—340.

1478 95 1497 137 N}

1507 95 1526 136 Χ1

140 201 252 233 tunsa
280 205 348 243 per
377 192 565 244 integram
595 195 793 233 solvuntur
822 196 964 234 viscera
994 196 1142 245 pellem.

141 254 203 291 Sic
232 254 403 303 positum
432 255 471 291 in
499 254 630 292 clauso
660 256 848 304 linquunt,
878 263 914 292 et
944 268 1072 293 ramea
1101 257 1215 294 costis

140 313 342 350 subiiciunt
370 313 596 362 fragmenta,
628 313 802 363 thymum
832 315 1031 363 casiasque
1060 324 1244 352 recentes.

140 371 231 409 Hoc
261 372 402 421 geritur
429 372 601 422 zephyris
631 374 796 421 primum
826 374 1107 422 impellentibus
1137 375 1272 420 undas,
1465 390 1526 419 505

138 438 226 468 ante
256 432 364 468 novis
394 433 555 469 rubeant
583 444 700 481 quam
730 440 839 481 prata
869 433 1072 479 coloribus,
1104 442 1192 470 ante

139 490 288 538 garrula
318 503 433 541 quam
464 492 577 540 tignis
606 492 739 528 nidum
771 492 981 541 suspendat
1011 492 1190 529 hirundo.

139 548 290 587 Interea
318 550 454 587 teneris
483 550 694 599 tepefactus
723 551 762 587 in
792 551 942 588 ossibus
973 563 1085 588 umor

139 614 296 654 aestuat,
326 615 363 646 et
391 609 548 647 visenda
576 610 704 647 modis
733 611 912 648 animalia
943 611 1058 656 miris,

139 674 271 705 trunca
298 668 442 717 pedum
471 669 606 718 primo,
636 681 729 706 mox
759 676 795 707 et
824 670 1020 707 stridentia
1049 670 1198 719 pennis,
1466 686 1528 715 310

138 729 356 774 miscentur,
386 735 618 777 tenuemque
647 730 770 778 magis
800 730 924 778 magis
955 735 1041 767 ae'ra
1071 737 1244 779 carpunt,

139 787 264 826 donec
292 796 333 825 ut
361 788 512 825 aestivis
541 788 684 825 effusus
713 788 877 825 nubibus
907 789 1029 826 imber

138 858 296 897 erupere
325 854 389 884 aut
412 854 453 884 ut
482 859 597 884 nervo
626 847 803 896 pulsante
834 849 1003 896 sagittae,

138 906 261 954 prima
289 906 389 943 leves
417 906 551 943 ineunt
581 907 611 943 si
643 906 798 955 quando
828 907 972 955 proelia
1003 907 1140 944 Parthi.

194 964 292 1011 Quis
321 965 414 1003 deus
444 966 553 1011 hanc,
586 965 735 1010 Musae,
768 966 852 1015 quis
883 967 994 1003 nobis
1024 967 1170 1003 extudit
1201 967 1345 1003 artem?
1465 982 1521 1013 3¹5

138 1023 254 1062 Unde
283 1037 384 1062 nova
411 1025 605 1074 ingressus
634 1024 836 1062 hominum
868 1026 1100 1074 experientia
1130 1026 1256 1075 cepit?

138 1085 272 1122 Pastor
301 1084 497 1122 Aristaeus
527 1084 677 1133 fugiens
706 1084 848 1122 Peneia
877 1085 1029 1134 Tempe

138 1144 299 1189 amissis,
323 1151 364 1181 ut
393 1143 506 1190 fama,
538 1145 672 1193 apibus
703 1145 917 1193 morboque
948 1144 1126 1194 fameque

138 1202 250 1241 tristis
279 1203 329 1240 ad
359 1204 517 1241 extremi
547 1216 698 1241 sacrum
728 1211 844 1252 caput
873 1204 988 1241 astitit
1018 1205 1140 1241 amnis

138 1263 256 1300 multa
284 1275 458 1313 querens,
489 1270 603 1313 atque
632 1263 704 1300 hac
733 1264 870 1301 affatus
900 1276 993 1301 voce
1023 1271 1250 1312 parentem:
1466 1278 1526 1308 320

139 1322 300 1369 ‘Mater,
331 1322 480 1372 Cyrene
510 1330 639 1368 mater,
671 1335 768 1372 quae
797 1324 955 1372 gurgitis
984 1323 1095 1361 huius

137 1383 215 1421 ima
243 1391 362 1431 tenes,
391 1383 483 1433 quid
511 1396 573 1420 me
602 1383 796 1432 praeclara
825 1384 940 1432 stirpe
975 1384 1146 1429 deorum,

139 1441 187 1493 (si
215 1443 346 1490 modo,
376 1455 492 1493 quem
520 1443 705 1492 perhibes,
736 1450 843 1492 pater
872 1450 929 1480 est
959 1442 1228 1492 Thymbraeus
1259 1442 1416 1493 Apollo)

137 1503 298 1541 invisum
329 1504 414 1541 fatis
443 1504 632 1554 genuisti?
681 1504 758 1540 Aut
789 1516 866 1552 quo
897 1504 963 1541 tibi
992 1505 1112 1541 nostri

137 1563 268 1611 pulsus
296 1564 429 1601 amor?
478 1563 583 1609 Quid
612 1575 674 1600 me
704 1563 850 1600 caelum
881 1576 1029 1612 sperare
1059 1564 1244 1601 iubebas?
1465 1578 1525 1609 325

136 1622 199 1660 En
228 1623 343 1660 etiam
371 1623 473 1661 hunc
502 1624 628 1672 ipsum
657 1623 754 1660 vitae
785 1623 955 1660 mortalis
984 1622 1184 1668 honorem,

138 1695 254 1733 quem
283 1682 374 1719 mihi
403 1683 465 1720 vix
494 1682 647 1731 frugum
676 1689 713 1720 et
743 1682 936 1732 pecudum
966 1683 1141 1720 custodia
1171 1683 1307 1720 sollers

137 1743 269 1781 omnia
295 1743 497 1791 temptanti
526 1742 735 1786 extuderat,
766 1749 803 1779 te
832 1749 953 1779 matre
982 1742 1168 1791 relinquo.

138 1802 245 1849 Quin
273 1815 345 1852 age
374 1810 411 1841 et
439 1804 524 1852 ipsa
552 1814 669 1839 manu
700 1802 828 1840 felices
857 1815 947 1839 erue
978 1802 1101 1847 silvas,

136 1863 192 1901 fer
221 1862 377 1900 stabulis
405 1862 603 1900 inimicum
632 1863 763 1911 ignem
793 1870 906 1911 atque
937 1862 1108 1900 interfice
1138 1874 1296 1909 messes,
1465 1877 1527 1907 330

135 1934 204 1961 ure
233 1929 324 1968 sata,
357 1928 396 1959 et
424 1921 557 1959 duram
585 1921 625 1958 in
654 1921 747 1959 vites
776 1922 910 1959 molire
940 1922 1162 1970 bipennem,

137 1988 242 2020 tanta
270 1993 379 2018 meae
409 1981 439 2018 si
467 1987 505 2019 te
535 1988 717 2029 ceperunt
746 1981 872 2018 taedia
902 1979 1046 2018 laudis.²

136 2042 189 2079 At
216 2047 338 2078 mater
364 2040 533 2078 sonitum
563 2040 730 2077 thalamo
761 2041 831 2077 sub
863 2040 1032 2077 fluminis
1064 2039 1127 2077 alti

137 2101 266 2139 sensit.
321 2099 420 2138 Eam
450 2099 592 2137 circum
622 2099 771 2138 Milesia
801 2100 939 2137 vellera
967 2098 1176 2148 Nymphae

137 2160 344 2210 carpebant
372 2159 472 2209 hyali
501 2166 629 2197 saturo
660 2158 788 2196 fucata
816 2159 956 2204 colore,
1463 2174 1525 2204 335

136 2220 360 2270 Drymoque
381 2218 616 2268 Xanthoque
644 2217 841 2268 Ligeaque
872 2217 1198 2268 Phyllodoceque,

137 2279 344 2317 caesariem
374 2278 517 2316 effusae
546 2277 706 2315 nitidam
736 2290 804 2326 per
834 2277 998 2314 candida
1028 2277 1138 2324 colla,

138 2336 305 2390 [Nesaee
335 2337 505 2387 Spioque
533 2337 747 2386 Thaliaque
769 2333 1091 2389 Cymodoceque]

138 2397 389 2447 Cydippeque
419 2403 456 2434 et
484 2396 580 2435 flava
608 2396 801 2446 Lycorias,
833 2396 949 2434 altera
979 2396 1097 2445 virgo,

137 2456 252 2496 altera
280 2464 360 2495 tum
388 2456 532 2507 primos
563 2456 734 2495 Lucinae
765 2463 921 2506 experta
950 2455 1110 2502 labores,
1466 2469 1527 2499 340
