1669 2737
146 88 202 143 36
702 95 986 132 GEORGJCA.

146 209 339 241 vertuntur
367 203 774 259 species-animorum,
804 211 841 242 et
869 211 1024 254 pectora
1052 212 1180 243 motus

147 275 248 300 nunc
276 263 382 308 alios,
412 263 507 301 alios
537 263 628 300 dum
658 265 787 302 nubila
815 271 949 302 ventus
978 266 1127 314 agebat,

146 322 388 371 concipiunt:
427 322 516 360 hinc
545 322 605 360 ille
634 323 761 360 avium
791 331 1000 362 concentus
1031 325 1069 360 in
1098 323 1200 373 agris

145 387 182 418 et
210 381 327 418 laetae
356 381 525 430 pecudes
554 388 591 419 et
620 390 778 420 ovantes
807 390 957 432 gutture
987 384 1098 422 corvi.

199 440 239 478 Si
267 452 356 477 vero
386 440 507 477 solem
536 440 585 478 ad
614 441 790 489 rapidum
819 442 1003 491 lunasque
1033 448 1235 491 sequentes

145 499 278 537 ordine
305 499 495 547 respicies,
526 511 738 549 numquam
768 506 805 538 te
834 502 996 538 crastina
1025 501 1126 538 fallet

145 559 250 604 hora,
279 570 404 607 neque
433 558 578 596 insidiis
608 559 731 596 noctis
762 560 910 608 capiere
940 572 1107 597 serenae.

145 616 267 663 Luna,
297 624 525 655 revertentes
555 630 643 655 cum
673 618 838 667 primurn
868 619 1010 668 colligit
1039 620 1159 668 ignes,

146 676 178 714 si
202 677 354 725 nigrum
383 677 548 714 obscuro
578 678 859 726 comprenderit
887 683 975 716 ae'ra
1004 690 1135 723 cornu,

144 736 334 773 maximus
362 736 536 784 agricolis
565 736 780 786 pelagoque
809 738 1001 786 parabitur
1028 737 1172 774 imber:

145 802 183 832 at
212 795 243 832 si
271 795 483 844 virgineum
514 795 710 833 suffuderit
740 808 805 834 ore
835 797 1024 842 ruborem,

145 860 278 891 ventus
307 855 398 901 erit,
437 862 551 892 vento
582 867 734 905 semper
762 856 871 893 rubet
901 868 1016 893 aurea
1045 855 1213 892 Phoebe.

146 913 212 951 Sin
241 921 325 951 ortu
354 921 488 962 quarto
518 913 703 963 (namque
731 915 762 952 is
787 915 1018 953 certissimus
1046 914 1193 965 auctor)

144 986 239 1022 pura
267 986 392 1023 neque
421 974 567 1012 obtusis
596 987 663 1024 per
692 975 841 1013 caelum
870 975 1048 1012 cornibus
1077 975 1154 1020 ibit,

144 1039 246 1071 totus
274 1040 311 1070 et
338 1033 398 1071 ille
428 1034 507 1071 dies
536 1040 573 1071 et
602 1034 666 1083 qui
695 1042 898 1072 nascentur
928 1035 976 1071 ab
1004 1034 1068 1071 illo

144 1098 321 1130 exactum
349 1093 398 1130 ad
426 1102 601 1131 mensem
630 1093 757 1142 pluvia
786 1094 984 1143 ventisque
1014 1093 1208 1138 carebunt,

143 1159 307 1200 votaque
337 1152 470 1189 servati
499 1152 646 1189 solvent
674 1153 713 1189 in
742 1153 849 1190 litore
878 1159 1015 1190 nautae

144 1211 294 1250 Glauco
323 1218 361 1250 et
389 1212 593 1261 Panopeae
622 1219 659 1250 et
688 1212 787 1250 Inoo
818 1212 1047 1250 Melicertae.

145 1271 211 1309 Sol
239 1283 393 1321 quoque
422 1278 458 1308 et
487 1272 663 1309 exoriens
693 1278 729 1309 et
758 1283 846 1309 cum
875 1284 915 1309 se
945 1272 1085 1309 condet
1114 1271 1153 1308 in
1181 1270 1304 1310 undas

143 1331 254 1379 signa
283 1331 409 1377 dabit;
453 1330 573 1368 solem
603 1331 813 1369 certissima
842 1331 951 1380 signa
980 1338 1197 1380 sequuntur,

143 1397 180 1427 et
208 1402 307 1439 quae
337 1402 448 1428 mane
478 1391 589 1428 refert
617 1397 654 1428 et
683 1402 782 1440 quae
813 1390 1055 1438 surgentibus
1085 1390 1203 1428 astris.

143 1449 211 1486 Ille
238 1449 303 1486 ubi
327 1456 548 1486 nascentem
578 1450 737 1487 maculis
767 1449 961 1486 variaverit
989 1456 1115 1486 ortum

143 1508 318 1546 conditus
347 1510 386 1545 in
415 1509 558 1545 nubem
587 1508 795 1557 medioque
823 1507 1002 1556 refugerit
1030 1509 1134 1552 orbe,

143 1567 308 1616 suspecti
336 1567 401 1603 tibi
432 1568 506 1604 sint
535 1567 697 1613 imbres;
738 1579 904 1615 namque
933 1573 1042 1615 urget
1071 1567 1118 1604 ab
1148 1566 1225 1604 alto

143 1627 416 1675 arboribusque
446 1627 611 1676 satisque
642 1625 768 1663 Notus
798 1626 1003 1674 pecorique
1032 1626 1188 1663 sinister.

142 1686 221 1722 Aut
249 1685 314 1722 ubi
343 1686 413 1722 sub
442 1685 565 1722 lucem
595 1684 715 1721 densa
743 1685 839 1721 inter
868 1684 997 1721 nubila
1026 1696 1110 1722 sese

144 1744 279 1782 diversi
307 1751 484 1793 rumpent
512 1744 615 1789 radii,
647 1750 711 1781 aut
739 1743 803 1780 ubi
833 1743 974 1792 pallida
1003 1749 1131 1792 surget

143 1804 303 1841 Tithoni
332 1815 509 1841 croceum
537 1803 713 1853 linquens
743 1803 892 1840 Aurora
920 1803 1054 1848 cubile,

142 1863 217 1900 heu
244 1863 343 1900 male
371 1870 452 1900 tum
481 1862 591 1900 mites
621 1861 801 1899 defendet
830 1862 1036 1910 pampinus
1065 1873 1178 1908 uvas;

143 1930 222 1960 tam
250 1922 369 1959 multa
396 1922 435 1958 in
465 1922 571 1959 tectis
601 1921 788 1970 crepitans
817 1920 900 1958 salit
929 1920 1080 1957 horrida
1109 1920 1267 1969 grando.

143 1981 217 2018 hoc
247 1981 373 2022 etiam,
406 1992 567 2018 emenso
597 1992 684 2018 cum
714 1981 790 2017 iam
821 1979 970 2017 decedit
1001 1978 1182 2028 Olympo,

143 2039 324 2089 profuerit
352 2040 570 2076 meminisse
600 2039 746 2087 magis;
787 2050 878 2075 nam
907 2050 1021 2087 saepe
1050 2038 1222 2076 videmus

144 2099 261 2148 ipsius
290 2099 328 2135 in
357 2099 461 2135 vultu
491 2098 611 2135 varios
642 2110 765 2135 errare
795 2097 964 2143 colores;

145 2158 337 2196 caeruleus
365 2158 533 2206 pluviam
562 2157 771 2201 denuntiat,
801 2156 937 2205 igneus
966 2156 1114 2202 Euros;

144 2218 203 2255 sin
230 2216 402 2255 maculae
432 2216 613 2265 incipient
641 2215 751 2253 rutilo
779 2215 1023 2253 immiscerier
1051 2215 1144 2263 igni,

144 2277 274 2314 omnia
302 2283 384 2313 turn
412 2276 547 2325 pariter
575 2281 688 2313 vento
719 2275 934 2324 nimbisque
963 2274 1108 2311 videbis

145 2336 295 2374 fervere.
353 2334 445 2372 Non
474 2335 536 2371 illa
566 2335 769 2383 quisquam
798 2346 860 2371 me
889 2340 1000 2371 nocte
1028 2345 1095 2383 per
1123 2333 1242 2372 altum

146 2397 198 2433 ire
227 2406 352 2444 neque
381 2406 403 2431 a
432 2401 527 2431 terra
555 2400 707 2431 moveat
735 2392 945 2431 convellere
974 2392 1115 2430 funem.

147 2456 198 2492 At
228 2454 270 2501 si,
299 2466 387 2492 cum
416 2453 622 2503 referetque
653 2452 755 2491 diem
778 2452 994 2502 condetque
1022 2451 1193 2498 relatum,

1471 220 1536 251 420

1470 513 1533 547 425

1470 810 1534 844 430

1468 1107 1531 1139 435

1468 1406 1533 1436 440

1468 1701 1530 1734 445

1469 1996 1534 2027 450

1469 2290 1531 2324 455
