<?xml version="1.0" encoding="UTF-8"?>
<!DOCTYPE html PUBLIC "-//W3C//DTD XHTML 1.0 Transitional//EN"
    "http://www.w3.org/TR/xhtml1/DTD/xhtml1-transitional.dtd">
<html xmlns="http://www.w3.org/1999/xhtml" xml:lang="en" lang="en">
 <head>
  <title>
</title>
<meta http-equiv="Content-Type" content="text/html;charset=utf-8" />
  <meta name='ocr-system' content='tesseract 3.04.00' />
  <meta name='ocr-capabilities' content='ocr_page ocr_carea ocr_par ocr_line ocrx_word'/>
</head>
<body>
  <div class='ocr_page' id='page_1' title='image "./operavirgilwithi01virguoft/operavirgilwithi01virguoft_0232.png"; bbox 0 0 1669 2737; ppageno 0'>
   <div class='ocr_carea' id='block_1_1' title="bbox 130 80 931 130">
    <p class='ocr_par' dir='ltr' id='par_1_1' title="bbox 130 80 931 130">
     <span class='ocr_line' id='line_1_1' title="bbox 130 80 931 130; baseline 0.001 -10"><span class='ocrx_word' id='word_1_1' title='bbox 130 80 210 130; x_wconf 90' lang='lat'>164</span> <span class='ocrx_word' id='word_1_2' title='bbox 706 84 931 122; x_wconf 85' lang='lat' dir='ltr'><em>AENEIS.</em></span> 
     </span>
    </p>
   </div>
   <div class='ocr_carea' id='block_1_2' title="bbox 125 193 1358 2506">
    <p class='ocr_par' dir='ltr' id='par_1_2' title="bbox 126 193 1098 244">
     <span class='ocr_line' id='line_1_2' title="bbox 126 193 1098 244; baseline 0.002 -13"><span class='ocrx_word' id='word_1_3' title='bbox 126 205 251 243; x_wconf 88' lang='lat' dir='ltr'>quove</span> <span class='ocrx_word' id='word_1_4' title='bbox 279 194 402 243; x_wconf 88' lang='lat' dir='ltr'>magis</span> <span class='ocrx_word' id='word_1_5' title='bbox 431 193 550 232; x_wconf 87' lang='lat' dir='ltr'>fessas</span> <span class='ocrx_word' id='word_1_6' title='bbox 579 200 709 244; x_wconf 86' lang='lat' dir='ltr'>optem</span> <span class='ocrx_word' id='word_1_7' title='bbox 739 193 941 233; x_wconf 83' lang='lat' dir='ltr'>demittere</span> <span class='ocrx_word' id='word_1_8' title='bbox 969 207 1098 241; x_wconf 85' lang='lat' dir='ltr'>naves,</span> 
     </span>
    </p>

    <p class='ocr_par' dir='ltr' id='par_1_3' title="bbox 126 253 1248 482">
     <span class='ocr_line' id='line_1_3' title="bbox 126 253 1248 302; baseline 0.002 -12"><span class='ocrx_word' id='word_1_9' title='bbox 126 265 243 302; x_wconf 87' lang='lat' dir='ltr'>quam</span> <span class='ocrx_word' id='word_1_10' title='bbox 272 266 369 302; x_wconf 87' lang='lat' dir='ltr'>quae</span> <span class='ocrx_word' id='word_1_11' title='bbox 397 253 638 291; x_wconf 87' lang='lat' dir='ltr'>Dardanium</span> <span class='ocrx_word' id='word_1_12' title='bbox 667 254 775 291; x_wconf 90' lang='lat' dir='ltr'>tellus</span> <span class='ocrx_word' id='word_1_13' title='bbox 804 254 897 291; x_wconf 89' lang='lat' dir='ltr'>mihi</span> <span class='ocrx_word' id='word_1_14' title='bbox 927 262 1049 292; x_wconf 87' lang='lat' dir='ltr'>servat</span> <span class='ocrx_word' id='word_1_15' title='bbox 1079 256 1248 293; x_wconf 86' lang='lat' dir='ltr'>Acesten</span> 
     </span>
     <span class='ocr_line' id='line_1_4' title="bbox 126 312 1160 362; baseline 0.002 -13"><span class='ocrx_word' id='word_1_16' title='bbox 126 321 164 349; x_wconf 91' lang='lat' dir='ltr'>et</span> <span class='ocrx_word' id='word_1_17' title='bbox 192 312 307 362; x_wconf 87' lang='lat' dir='ltr'>patris</span> <span class='ocrx_word' id='word_1_18' title='bbox 335 312 529 350; x_wconf 86' lang='lat' dir='ltr'>Anchisae</span> <span class='ocrx_word' id='word_1_19' title='bbox 558 314 706 362; x_wconf 88' lang='lat' dir='ltr'>gremio</span> <span class='ocrx_word' id='word_1_20' title='bbox 735 314 1001 362; x_wconf 84' lang='lat' dir='ltr'>complectitur</span> <span class='ocrx_word' id='word_1_21' title='bbox 1024 312 1160 351; x_wconf 87' lang='lat' dir='ltr'>ossa?&#39;</span> 
     </span>
     <span class='ocr_line' id='line_1_5' title="bbox 127 371 1170 421; baseline 0.003 -14"><span class='ocrx_word' id='word_1_22' title='bbox 127 371 238 409; x_wconf 86' lang='lat' dir='ltr'>Haec</span> <span class='ocrx_word' id='word_1_23' title='bbox 262 372 327 408; x_wconf 92' lang='lat' dir='ltr'>ubi</span> <span class='ocrx_word' id='word_1_24' title='bbox 356 371 466 417; x_wconf 88' lang='lat' dir='ltr'>dicta,</span> <span class='ocrx_word' id='word_1_25' title='bbox 497 378 631 421; x_wconf 92' lang='lat' dir='ltr'>petunt</span> <span class='ocrx_word' id='word_1_26' title='bbox 659 379 803 421; x_wconf 87' lang='lat' dir='ltr'>portus,</span> <span class='ocrx_word' id='word_1_27' title='bbox 835 379 872 410; x_wconf 91' lang='lat' dir='ltr'>et</span> <span class='ocrx_word' id='word_1_28' title='bbox 902 373 983 410; x_wconf 87' lang='lat' dir='ltr'>vela</span> <span class='ocrx_word' id='word_1_29' title='bbox 1012 372 1170 410; x_wconf 89' lang='lat' dir='ltr'>secundi</span> 
     </span>
     <span class='ocr_line' id='line_1_6' title="bbox 126 431 1144 482; baseline 0.001 -15"><span class='ocrx_word' id='word_1_30' title='bbox 126 431 329 468; x_wconf 86' lang='lat' dir='ltr'>intendunt</span> <span class='ocrx_word' id='word_1_31' title='bbox 358 431 538 480; x_wconf 81' lang='lat' dir='ltr'>zephyri:</span> <span class='ocrx_word' id='word_1_32' title='bbox 577 431 692 469; x_wconf 89' lang='lat' dir='ltr'>fertur</span> <span class='ocrx_word' id='word_1_33' title='bbox 721 432 794 470; x_wconf 90' lang='lat' dir='ltr'>cita</span> <span class='ocrx_word' id='word_1_34' title='bbox 823 433 972 482; x_wconf 85' lang='lat' dir='ltr'>gurgite</span> <span class='ocrx_word' id='word_1_35' title='bbox 1002 432 1144 476; x_wconf 90' lang='lat' dir='ltr'>classis,</span> 
     </span>
    </p>

    <p class='ocr_par' dir='ltr' id='par_1_4' title="bbox 127 490 1082 531">
     <span class='ocr_line' id='line_1_7' title="bbox 127 490 1082 531; baseline 0.001 -4"><span class='ocrx_word' id='word_1_36' title='bbox 127 497 164 528; x_wconf 92' lang='lat' dir='ltr'>et</span> <span class='ocrx_word' id='word_1_37' title='bbox 192 490 347 528; x_wconf 87' lang='lat' dir='ltr'>tandem</span> <span class='ocrx_word' id='word_1_38' title='bbox 376 491 462 528; x_wconf 87' lang='lat' dir='ltr'>laeti</span> <span class='ocrx_word' id='word_1_39' title='bbox 491 498 605 529; x_wconf 88' lang='lat' dir='ltr'>notae</span> <span class='ocrx_word' id='word_1_40' title='bbox 635 491 880 529; x_wconf 87' lang='lat' dir='ltr'>advertuntur</span> <span class='ocrx_word' id='word_1_41' title='bbox 909 492 1082 531; x_wconf 84' lang='lat' dir='ltr'>harenae.</span> 
     </span>
    </p>

    <p class='ocr_par' dir='ltr' id='par_1_5' title="bbox 127 551 1107 718">
     <span class='ocr_line' id='line_1_8' title="bbox 180 551 1101 599; baseline 0.001 -12"><span class='ocrx_word' id='word_1_42' title='bbox 180 551 232 587; x_wconf 91' lang='lat' dir='ltr'>At</span> <span class='ocrx_word' id='word_1_43' title='bbox 259 551 393 599; x_wconf 90' lang='lat' dir='ltr'>procul</span> <span class='ocrx_word' id='word_1_44' title='bbox 423 551 575 588; x_wconf 83' lang='lat' dir='ltr'>excelso</span> <span class='ocrx_word' id='word_1_45' title='bbox 605 552 760 589; x_wconf 84' lang='lat' dir='ltr'>miratus</span> <span class='ocrx_word' id='word_1_46' title='bbox 789 551 928 588; x_wconf 90' lang='lat' dir='ltr'>vertice</span> <span class='ocrx_word' id='word_1_47' title='bbox 957 552 1101 588; x_wconf 81' lang='lat' dir='ltr'>montis</span> 
     </span>
     <span class='ocr_line' id='line_1_9' title="bbox 127 609 1083 658; baseline 0.001 -12"><span class='ocrx_word' id='word_1_48' title='bbox 127 609 332 646; x_wconf 88' lang='lat' dir='ltr'>adventum</span> <span class='ocrx_word' id='word_1_49' title='bbox 360 610 562 658; x_wconf 89' lang='lat' dir='ltr'>sociasque</span> <span class='ocrx_word' id='word_1_50' title='bbox 592 610 690 647; x_wconf 78' lang='lat' dir='ltr'>rates&#39;</span> <span class='ocrx_word' id='word_1_51' title='bbox 719 611 880 647; x_wconf 90' lang='lat' dir='ltr'>occurrit</span> <span class='ocrx_word' id='word_1_52' title='bbox 911 610 1083 653; x_wconf 87' lang='lat' dir='ltr'>Acestes,</span> 
     </span>
     <span class='ocr_line' id='line_1_10' title="bbox 127 668 1107 718; baseline 0 -12"><span class='ocrx_word' id='word_1_53' title='bbox 127 668 302 706; x_wconf 89' lang='lat' dir='ltr'>horridus</span> <span class='ocrx_word' id='word_1_54' title='bbox 330 668 369 704; x_wconf 93' lang='lat' dir='ltr'>in</span> <span class='ocrx_word' id='word_1_55' title='bbox 396 669 528 706; x_wconf 90' lang='lat' dir='ltr'>iaculis</span> <span class='ocrx_word' id='word_1_56' title='bbox 559 676 595 706; x_wconf 87' lang='lat' dir='ltr'>et</span> <span class='ocrx_word' id='word_1_57' title='bbox 624 669 722 718; x_wconf 93' lang='lat' dir='ltr'>pelle</span> <span class='ocrx_word' id='word_1_58' title='bbox 752 669 958 718; x_wconf 86' lang='lat' dir='ltr'>Libystidis</span> <span class='ocrx_word' id='word_1_59' title='bbox 988 681 1107 713; x_wconf 87' lang='lat' dir='ltr'>ursae,</span> 
     </span>
    </p>

    <p class='ocr_par' dir='ltr' id='par_1_6' title="bbox 128 726 1030 777">
     <span class='ocr_line' id='line_1_11' title="bbox 128 726 1030 777; baseline 0.001 -14"><span class='ocrx_word' id='word_1_60' title='bbox 128 728 250 764; x_wconf 82' lang='lat' dir='ltr'>Tro&#39;1‘a</span> <span class='ocrx_word' id='word_1_61' title='bbox 279 726 430 764; x_wconf 84' lang='lat' dir='ltr'>Criniso</span> <span class='ocrx_word' id='word_1_62' title='bbox 460 735 691 777; x_wconf 86' lang='lat' dir='ltr'>conceptum</span> <span class='ocrx_word' id='word_1_63' title='bbox 720 728 878 765; x_wconf 87' lang='lat' dir='ltr'>flumine</span> <span class='ocrx_word' id='word_1_64' title='bbox 909 735 1030 765; x_wconf 87' lang='lat' dir='ltr'>mater</span> 
     </span>
    </p>

    <p class='ocr_par' dir='ltr' id='par_1_7' title="bbox 126 787 1315 897">
     <span class='ocr_line' id='line_1_12' title="bbox 127 787 1315 836; baseline 0 -13"><span class='ocrx_word' id='word_1_65' title='bbox 127 799 243 836; x_wconf 89' lang='lat' dir='ltr'>quem</span> <span class='ocrx_word' id='word_1_66' title='bbox 271 787 414 835; x_wconf 88' lang='lat' dir='ltr'>genuit.</span> <span class='ocrx_word' id='word_1_67' title='bbox 470 787 654 825; x_wconf 89' lang='lat' dir='ltr'>Veterum</span> <span class='ocrx_word' id='word_1_68' title='bbox 683 799 763 825; x_wconf 91' lang='lat' dir='ltr'>non</span> <span class='ocrx_word' id='word_1_69' title='bbox 793 788 994 825; x_wconf 88' lang='lat' dir='ltr'>immemor</span> <span class='ocrx_word' id='word_1_70' title='bbox 1022 787 1083 824; x_wconf 94' lang='lat' dir='ltr'>ille</span> <span class='ocrx_word' id='word_1_71' title='bbox 1113 794 1315 836; x_wconf 84' lang='lat' dir='ltr'>parentum</span> 
     </span>
     <span class='ocr_line' id='line_1_13' title="bbox 126 846 992 897; baseline 0 -14"><span class='ocrx_word' id='word_1_72' title='bbox 126 852 292 896; x_wconf 84' lang='lat' dir='ltr'>gratatur</span> <span class='ocrx_word' id='word_1_73' title='bbox 320 846 481 884; x_wconf 88' lang='lat' dir='ltr'>reduces</span> <span class='ocrx_word' id='word_1_74' title='bbox 511 854 548 884; x_wconf 90' lang='lat' dir='ltr'>et</span> <span class='ocrx_word' id='word_1_75' title='bbox 577 859 672 897; x_wconf 85' lang='lat' dir='ltr'>gaza</span> <span class='ocrx_word' id='word_1_76' title='bbox 701 848 821 885; x_wconf 87' lang='lat' dir='ltr'>laetus</span> <span class='ocrx_word' id='word_1_77' title='bbox 851 848 992 896; x_wconf 87' lang='lat' dir='ltr'>agresti</span> 
     </span>
    </p>

    <p class='ocr_par' dir='ltr' id='par_1_8' title="bbox 127 905 1004 955">
     <span class='ocr_line' id='line_1_14' title="bbox 127 905 1004 955; baseline 0 -11"><span class='ocrx_word' id='word_1_78' title='bbox 127 906 266 955; x_wconf 79' lang='lat' dir='ltr'>excipit</span> <span class='ocrx_word' id='word_1_79' title='bbox 295 917 340 943; x_wconf 88' lang='lat' dir='ltr'>ac</span> <span class='ocrx_word' id='word_1_80' title='bbox 368 905 490 944; x_wconf 88' lang='lat' dir='ltr'>fessos</span> <span class='ocrx_word' id='word_1_81' title='bbox 520 908 658 955; x_wconf 91' lang='lat' dir='ltr'>opibus</span> <span class='ocrx_word' id='word_1_82' title='bbox 688 906 831 944; x_wconf 87' lang='lat' dir='ltr'>solatur</span> <span class='ocrx_word' id='word_1_83' title='bbox 860 907 1004 944; x_wconf 88' lang='lat' dir='ltr'>amicis.</span> 
     </span>
    </p>

    <p class='ocr_par' dir='ltr' id='par_1_9' title="bbox 125 965 1358 1731">
     <span class='ocr_line' id='line_1_15' title="bbox 180 965 1126 1015; baseline 0.001 -13"><span class='ocrx_word' id='word_1_84' title='bbox 180 965 337 1003; x_wconf 89' lang='lat' dir='ltr'>Postera</span> <span class='ocrx_word' id='word_1_85' title='bbox 367 977 455 1003; x_wconf 90' lang='lat' dir='ltr'>cum</span> <span class='ocrx_word' id='word_1_86' title='bbox 485 967 609 1015; x_wconf 89' lang='lat' dir='ltr'>primo</span> <span class='ocrx_word' id='word_1_87' title='bbox 639 966 764 1003; x_wconf 85' lang='lat' dir='ltr'>stellas</span> <span class='ocrx_word' id='word_1_88' title='bbox 793 965 950 1003; x_wconf 89' lang='lat' dir='ltr'>Oriente</span> <span class='ocrx_word' id='word_1_89' title='bbox 979 966 1126 1014; x_wconf 84' lang='lat' dir='ltr'>fugarat</span> 
     </span>
     <span class='ocr_line' id='line_1_16' title="bbox 127 1024 1109 1070; baseline -0.002 -7"><span class='ocrx_word' id='word_1_90' title='bbox 127 1025 226 1063; x_wconf 88' lang='lat' dir='ltr'>clara</span> <span class='ocrx_word' id='word_1_91' title='bbox 255 1024 347 1070; x_wconf 85' lang='lat' dir='ltr'>dies,</span> <span class='ocrx_word' id='word_1_92' title='bbox 378 1026 506 1063; x_wconf 89' lang='lat' dir='ltr'>socios</span> <span class='ocrx_word' id='word_1_93' title='bbox 536 1026 574 1062; x_wconf 92' lang='lat' dir='ltr'>in</span> <span class='ocrx_word' id='word_1_94' title='bbox 605 1031 759 1062; x_wconf 90' lang='lat' dir='ltr'>coetum</span> <span class='ocrx_word' id='word_1_95' title='bbox 787 1025 897 1062; x_wconf 84' lang='lat' dir='ltr'>litore</span> <span class='ocrx_word' id='word_1_96' title='bbox 926 1025 975 1062; x_wconf 90' lang='lat' dir='ltr'>ab</span> <span class='ocrx_word' id='word_1_97' title='bbox 1002 1025 1109 1062; x_wconf 91' lang='lat' dir='ltr'>omni</span> 
     </span>
     <span class='ocr_line' id='line_1_17' title="bbox 127 1084 1109 1133; baseline -0.003 -10"><span class='ocrx_word' id='word_1_98' title='bbox 127 1085 289 1123; x_wconf 84' lang='lat' dir='ltr'>advocat</span> <span class='ocrx_word' id='word_1_99' title='bbox 317 1084 468 1122; x_wconf 87' lang='lat' dir='ltr'>Aeneas</span> <span class='ocrx_word' id='word_1_100' title='bbox 498 1085 710 1133; x_wconf 89' lang='lat' dir='ltr'>tumulique</span> <span class='ocrx_word' id='word_1_101' title='bbox 739 1096 786 1121; x_wconf 86' lang='lat' dir='ltr'>ex</span> <span class='ocrx_word' id='word_1_102' title='bbox 816 1096 956 1133; x_wconf 85' lang='lat' dir='ltr'>aggere</span> <span class='ocrx_word' id='word_1_103' title='bbox 986 1084 1109 1121; x_wconf 90' lang='lat' dir='ltr'>fatur:</span> 
     </span>
     <span class='ocr_line' id='line_1_18' title="bbox 129 1143 1262 1193; baseline -0.002 -12"><span class='ocrx_word' id='word_1_104' title='bbox 129 1143 391 1181; x_wconf 85' lang='lat' dir='ltr'>‘Dardanidae</span> <span class='ocrx_word' id='word_1_105' title='bbox 420 1144 562 1192; x_wconf 80' lang='lat' dir='ltr'>magni,</span> <span class='ocrx_word' id='word_1_106' title='bbox 592 1155 716 1193; x_wconf 89' lang='lat' dir='ltr'>genus</span> <span class='ocrx_word' id='word_1_107' title='bbox 745 1143 823 1180; x_wconf 90' lang='lat' dir='ltr'>alto</span> <span class='ocrx_word' id='word_1_108' title='bbox 853 1155 876 1180; x_wconf 90' lang='lat' dir='ltr'>a</span> <span class='ocrx_word' id='word_1_109' title='bbox 905 1144 1091 1192; x_wconf 85' lang='lat' dir='ltr'>sanguine</span> <span class='ocrx_word' id='word_1_110' title='bbox 1121 1143 1262 1189; x_wconf 90' lang='lat' dir='ltr'>divum,</span> 
     </span>
     <span class='ocr_line' id='line_1_19' title="bbox 127 1203 1068 1252; baseline -0.001 -12"><span class='ocrx_word' id='word_1_111' title='bbox 127 1216 278 1241; x_wconf 87' lang='lat' dir='ltr'>annuus</span> <span class='ocrx_word' id='word_1_112' title='bbox 306 1203 451 1240; x_wconf 82' lang='lat' dir='ltr'>exactis</span> <span class='ocrx_word' id='word_1_113' title='bbox 480 1204 695 1252; x_wconf 87' lang='lat' dir='ltr'>completur</span> <span class='ocrx_word' id='word_1_114' title='bbox 724 1203 923 1240; x_wconf 90' lang='lat' dir='ltr'>mensibus</span> <span class='ocrx_word' id='word_1_115' title='bbox 953 1203 1068 1248; x_wconf 89' lang='lat' dir='ltr'>orbis,</span> 
     </span>
     <span class='ocr_line' id='line_1_20' title="bbox 127 1262 1027 1312; baseline 0 -12"><span class='ocrx_word' id='word_1_116' title='bbox 127 1275 174 1300; x_wconf 84' lang='lat' dir='ltr'>ex</span> <span class='ocrx_word' id='word_1_117' title='bbox 202 1275 279 1312; x_wconf 89' lang='lat' dir='ltr'>quo</span> <span class='ocrx_word' id='word_1_118' title='bbox 309 1262 486 1312; x_wconf 86' lang='lat' dir='ltr'>reliquias</span> <span class='ocrx_word' id='word_1_119' title='bbox 516 1263 710 1311; x_wconf 90' lang='lat' dir='ltr'>divinique</span> <span class='ocrx_word' id='word_1_120' title='bbox 739 1274 829 1300; x_wconf 89' lang='lat' dir='ltr'>ossa</span> <span class='ocrx_word' id='word_1_121' title='bbox 858 1263 1027 1311; x_wconf 88' lang='lat' dir='ltr'>parentis</span> 
     </span>
     <span class='ocr_line' id='line_1_21' title="bbox 127 1322 1152 1371; baseline -0.001 -11"><span class='ocrx_word' id='word_1_122' title='bbox 127 1322 367 1360; x_wconf 87' lang='lat' dir='ltr'>condidimus</span> <span class='ocrx_word' id='word_1_123' title='bbox 397 1329 495 1360; x_wconf 89' lang='lat' dir='ltr'>terra</span> <span class='ocrx_word' id='word_1_124' title='bbox 523 1330 765 1371; x_wconf 85' lang='lat' dir='ltr'>maestasque</span> <span class='ocrx_word' id='word_1_125' title='bbox 797 1323 1028 1359; x_wconf 85' lang='lat' dir='ltr'>sacravimus</span> <span class='ocrx_word' id='word_1_126' title='bbox 1058 1334 1152 1360; x_wconf 90' lang='lat' dir='ltr'>aras.</span> 
     </span>
     <span class='ocr_line' id='line_1_22' title="bbox 126 1382 1358 1432; baseline -0.002 -12"><span class='ocrx_word' id='word_1_127' title='bbox 126 1384 286 1432; x_wconf 87' lang='lat' dir='ltr'>Iamque</span> <span class='ocrx_word' id='word_1_128' title='bbox 316 1382 406 1427; x_wconf 81' lang='lat' dir='ltr'>dies,</span> <span class='ocrx_word' id='word_1_129' title='bbox 437 1383 508 1420; x_wconf 90' lang='lat' dir='ltr'>nisi</span> <span class='ocrx_word' id='word_1_130' title='bbox 539 1382 656 1427; x_wconf 86' lang='lat' dir='ltr'>fallor,</span> <span class='ocrx_word' id='word_1_131' title='bbox 688 1382 805 1427; x_wconf 89' lang='lat' dir='ltr'>adest,</span> <span class='ocrx_word' id='word_1_132' title='bbox 835 1394 951 1431; x_wconf 89' lang='lat' dir='ltr'>quem</span> <span class='ocrx_word' id='word_1_133' title='bbox 981 1393 1134 1431; x_wconf 88' lang='lat' dir='ltr'>semper</span> <span class='ocrx_word' id='word_1_134' title='bbox 1162 1383 1358 1427; x_wconf 84' lang='lat' dir='ltr'>acerbum,</span> 
     </span>
     <span class='ocr_line' id='line_1_23' title="bbox 126 1441 1117 1494; baseline -0.001 -13"><span class='ocrx_word' id='word_1_135' title='bbox 126 1455 278 1492; x_wconf 87' lang='lat' dir='ltr'>semper</span> <span class='ocrx_word' id='word_1_136' title='bbox 306 1442 539 1480; x_wconf 90' lang='lat' dir='ltr'>honoratum</span> <span class='ocrx_word' id='word_1_137' title='bbox 568 1443 639 1494; x_wconf 92' lang='lat' dir='ltr'>(sic</span> <span class='ocrx_word' id='word_1_138' title='bbox 669 1443 707 1479; x_wconf 91' lang='lat' dir='ltr'>di</span> <span class='ocrx_word' id='word_1_139' title='bbox 737 1441 924 1492; x_wconf 83' lang='lat' dir='ltr'>voluistis)</span> <span class='ocrx_word' id='word_1_140' title='bbox 953 1442 1117 1480; x_wconf 88' lang='lat' dir='ltr'>habebo.</span> 
     </span>
     <span class='ocr_line' id='line_1_24' title="bbox 126 1501 1134 1552; baseline -0.001 -12"><span class='ocrx_word' id='word_1_141' title='bbox 126 1503 245 1540; x_wconf 91' lang='lat' dir='ltr'>Hunc</span> <span class='ocrx_word' id='word_1_142' title='bbox 273 1514 348 1551; x_wconf 89' lang='lat' dir='ltr'>ego</span> <span class='ocrx_word' id='word_1_143' title='bbox 379 1502 549 1540; x_wconf 88' lang='lat' dir='ltr'>Gaetulis</span> <span class='ocrx_word' id='word_1_144' title='bbox 579 1514 734 1552; x_wconf 87' lang='lat' dir='ltr'>agerem</span> <span class='ocrx_word' id='word_1_145' title='bbox 764 1503 795 1539; x_wconf 85' lang='lat' dir='ltr'>si</span> <span class='ocrx_word' id='word_1_146' title='bbox 826 1502 998 1551; x_wconf 88' lang='lat' dir='ltr'>Syrtibus</span> <span class='ocrx_word' id='word_1_147' title='bbox 1027 1501 1134 1539; x_wconf 84' lang='lat' dir='ltr'>exsul</span> 
     </span>
     <span class='ocr_line' id='line_1_25' title="bbox 126 1561 1143 1612; baseline -0.001 -12"><span class='ocrx_word' id='word_1_148' title='bbox 126 1562 357 1612; x_wconf 86' lang='lat' dir='ltr'>Argolicove</span> <span class='ocrx_word' id='word_1_149' title='bbox 387 1563 481 1598; x_wconf 87' lang='lat' dir='ltr'>mari</span> <span class='ocrx_word' id='word_1_150' title='bbox 511 1562 722 1611; x_wconf 90' lang='lat' dir='ltr'>deprensus</span> <span class='ocrx_word' id='word_1_151' title='bbox 753 1568 789 1600; x_wconf 90' lang='lat' dir='ltr'>et</span> <span class='ocrx_word' id='word_1_152' title='bbox 818 1563 911 1599; x_wconf 93' lang='lat' dir='ltr'>urbe</span> <span class='ocrx_word' id='word_1_153' title='bbox 942 1561 1143 1610; x_wconf 88' lang='lat' dir='ltr'>Mycenae,</span> 
     </span>
     <span class='ocr_line' id='line_1_26' title="bbox 125 1621 1201 1671; baseline -0.002 -10"><span class='ocrx_word' id='word_1_154' title='bbox 125 1635 253 1661; x_wconf 90' lang='lat' dir='ltr'>annua</span> <span class='ocrx_word' id='word_1_155' title='bbox 282 1628 370 1658; x_wconf 91' lang='lat' dir='ltr'>vota</span> <span class='ocrx_word' id='word_1_156' title='bbox 399 1628 529 1658; x_wconf 87' lang='lat' dir='ltr'>tamen</span> <span class='ocrx_word' id='word_1_157' title='bbox 559 1622 843 1671; x_wconf 89' lang='lat' dir='ltr'>sollemnesque</span> <span class='ocrx_word' id='word_1_158' title='bbox 872 1621 1006 1659; x_wconf 85' lang='lat' dir='ltr'>ordine</span> <span class='ocrx_word' id='word_1_159' title='bbox 1036 1633 1201 1671; x_wconf 85' lang='lat' dir='ltr'>pompas</span> 
     </span>
     <span class='ocr_line' id='line_1_27' title="bbox 126 1681 1064 1731; baseline -0.002 -11"><span class='ocrx_word' id='word_1_160' title='bbox 126 1693 355 1731; x_wconf 84' lang='lat' dir='ltr'>exsequerer</span> <span class='ocrx_word' id='word_1_161' title='bbox 383 1689 644 1730; x_wconf 89' lang='lat' dir='ltr'>strueremque</span> <span class='ocrx_word' id='word_1_162' title='bbox 675 1682 753 1718; x_wconf 91' lang='lat' dir='ltr'>suis</span> <span class='ocrx_word' id='word_1_163' title='bbox 781 1681 912 1718; x_wconf 86' lang='lat' dir='ltr'>altaria</span> <span class='ocrx_word' id='word_1_164' title='bbox 941 1681 1064 1718; x_wconf 89' lang='lat' dir='ltr'>donis.</span> 
     </span>
    </p>

    <p class='ocr_par' dir='ltr' id='par_1_10' title="bbox 125 1739 1321 1909">
     <span class='ocr_line' id='line_1_28' title="bbox 126 1739 1146 1789; baseline -0.004 -9"><span class='ocrx_word' id='word_1_165' title='bbox 126 1743 242 1780; x_wconf 91' lang='lat' dir='ltr'>Nunc</span> <span class='ocrx_word' id='word_1_166' title='bbox 271 1741 366 1778; x_wconf 91' lang='lat' dir='ltr'>ultro</span> <span class='ocrx_word' id='word_1_167' title='bbox 395 1741 444 1777; x_wconf 88' lang='lat' dir='ltr'>ad</span> <span class='ocrx_word' id='word_1_168' title='bbox 474 1741 619 1778; x_wconf 87' lang='lat' dir='ltr'>cineres</span> <span class='ocrx_word' id='word_1_169' title='bbox 649 1740 766 1789; x_wconf 88' lang='lat' dir='ltr'>ipsius</span> <span class='ocrx_word' id='word_1_170' title='bbox 796 1747 833 1777; x_wconf 89' lang='lat' dir='ltr'>et</span> <span class='ocrx_word' id='word_1_171' title='bbox 862 1751 951 1777; x_wconf 90' lang='lat' dir='ltr'>ossa</span> <span class='ocrx_word' id='word_1_172' title='bbox 978 1739 1146 1789; x_wconf 83' lang='lat' dir='ltr'>parentis</span> 
     </span>
     <span class='ocr_line' id='line_1_29' title="bbox 128 1796 1321 1850; baseline -0.004 -11"><span class='ocrx_word' id='word_1_173' title='bbox 128 1802 247 1849; x_wconf 89' lang='lat' dir='ltr'>(haud</span> <span class='ocrx_word' id='word_1_174' title='bbox 276 1801 454 1850; x_wconf 87' lang='lat' dir='ltr'>equidem</span> <span class='ocrx_word' id='word_1_175' title='bbox 484 1801 564 1837; x_wconf 89' lang='lat' dir='ltr'>sine</span> <span class='ocrx_word' id='word_1_176' title='bbox 593 1807 721 1837; x_wconf 91' lang='lat' dir='ltr'>mente</span> <span class='ocrx_word' id='word_1_177' title='bbox 750 1812 844 1844; x_wconf 90' lang='lat' dir='ltr'>reor,</span> <span class='ocrx_word' id='word_1_178' title='bbox 875 1800 957 1836; x_wconf 87' lang='lat' dir='ltr'>sine</span> <span class='ocrx_word' id='word_1_179' title='bbox 986 1799 1144 1836; x_wconf 88' lang='lat' dir='ltr'>numine</span> <span class='ocrx_word' id='word_1_180' title='bbox 1175 1796 1321 1849; x_wconf 87' lang='lat' dir='ltr'>divum)</span> 
     </span>
     <span class='ocr_line' id='line_1_30' title="bbox 125 1858 1089 1909; baseline -0.005 -10"><span class='ocrx_word' id='word_1_181' title='bbox 125 1860 320 1905; x_wconf 86' lang='lat' dir='ltr'>adsumus,</span> <span class='ocrx_word' id='word_1_182' title='bbox 351 1867 387 1897; x_wconf 91' lang='lat' dir='ltr'>et</span> <span class='ocrx_word' id='word_1_183' title='bbox 416 1866 548 1909; x_wconf 88' lang='lat' dir='ltr'>portus</span> <span class='ocrx_word' id='word_1_184' title='bbox 578 1859 690 1896; x_wconf 89' lang='lat' dir='ltr'>delati</span> <span class='ocrx_word' id='word_1_185' title='bbox 719 1858 904 1896; x_wconf 86' lang='lat' dir='ltr'>intramus</span> <span class='ocrx_word' id='word_1_186' title='bbox 932 1858 1089 1895; x_wconf 88' lang='lat' dir='ltr'>amicos.</span> 
     </span>
    </p>

    <p class='ocr_par' dir='ltr' id='par_1_11' title="bbox 125 1917 1256 2087">
     <span class='ocr_line' id='line_1_31' title="bbox 125 1917 1256 1970; baseline -0.004 -12"><span class='ocrx_word' id='word_1_187' title='bbox 125 1920 230 1970; x_wconf 87' lang='lat' dir='ltr'>Ergo</span> <span class='ocrx_word' id='word_1_188' title='bbox 260 1921 361 1969; x_wconf 86' lang='lat' dir='ltr'>agite</span> <span class='ocrx_word' id='word_1_189' title='bbox 384 1927 421 1957; x_wconf 89' lang='lat' dir='ltr'>et</span> <span class='ocrx_word' id='word_1_190' title='bbox 451 1919 592 1956; x_wconf 89' lang='lat' dir='ltr'>laetum</span> <span class='ocrx_word' id='word_1_191' title='bbox 621 1918 748 1956; x_wconf 90' lang='lat' dir='ltr'>cuncti</span> <span class='ocrx_word' id='word_1_192' title='bbox 779 1918 1014 1955; x_wconf 86' lang='lat' dir='ltr'>celebremus</span> <span class='ocrx_word' id='word_1_193' title='bbox 1042 1917 1256 1954; x_wconf 89' lang='lat' dir='ltr'>honorem:</span> 
     </span>
     <span class='ocr_line' id='line_1_32' title="bbox 126 1977 1243 2029; baseline -0.002 -12"><span class='ocrx_word' id='word_1_194' title='bbox 126 1991 333 2029; x_wconf 87' lang='lat' dir='ltr'>poscamus</span> <span class='ocrx_word' id='word_1_195' title='bbox 362 1986 508 2023; x_wconf 84' lang='lat' dir='ltr'>ventos,</span> <span class='ocrx_word' id='word_1_196' title='bbox 539 1985 653 2027; x_wconf 85' lang='lat' dir='ltr'>atque</span> <span class='ocrx_word' id='word_1_197' title='bbox 683 1977 777 2015; x_wconf 87' lang='lat' dir='ltr'>haec</span> <span class='ocrx_word' id='word_1_198' title='bbox 807 1989 869 2014; x_wconf 92' lang='lat' dir='ltr'>me</span> <span class='ocrx_word' id='word_1_199' title='bbox 899 1989 1006 2014; x_wconf 83' lang='lat' dir='ltr'>sacra</span> <span class='ocrx_word' id='word_1_200' title='bbox 1035 1977 1243 2026; x_wconf 88' lang='lat' dir='ltr'>quotannis</span> 
     </span>
     <span class='ocr_line' id='line_1_33' title="bbox 126 2035 1064 2087; baseline -0.005 -10"><span class='ocrx_word' id='word_1_201' title='bbox 126 2041 219 2077; x_wconf 91' lang='lat' dir='ltr'>urbe</span> <span class='ocrx_word' id='word_1_202' title='bbox 248 2039 334 2076; x_wconf 87' lang='lat' dir='ltr'>velit</span> <span class='ocrx_word' id='word_1_203' title='bbox 362 2040 488 2087; x_wconf 89' lang='lat' dir='ltr'>posita</span> <span class='ocrx_word' id='word_1_204' title='bbox 517 2037 667 2087; x_wconf 88' lang='lat' dir='ltr'>templis</span> <span class='ocrx_word' id='word_1_205' title='bbox 697 2037 766 2074; x_wconf 89' lang='lat' dir='ltr'>sibi</span> <span class='ocrx_word' id='word_1_206' title='bbox 795 2035 891 2073; x_wconf 89' lang='lat' dir='ltr'>ferre</span> <span class='ocrx_word' id='word_1_207' title='bbox 920 2035 1064 2073; x_wconf 88' lang='lat' dir='ltr'>dicatis.</span> 
     </span>
    </p>

    <p class='ocr_par' dir='ltr' id='par_1_12' title="bbox 126 2095 1080 2145">
     <span class='ocr_line' id='line_1_34' title="bbox 126 2095 1080 2145; baseline -0.003 -10"><span class='ocrx_word' id='word_1_208' title='bbox 126 2099 224 2136; x_wconf 90' lang='lat' dir='ltr'>Bina</span> <span class='ocrx_word' id='word_1_209' title='bbox 252 2099 371 2135; x_wconf 85' lang='lat' dir='ltr'>bourn</span> <span class='ocrx_word' id='word_1_210' title='bbox 399 2098 508 2135; x_wconf 86' lang='lat' dir='ltr'>vobis</span> <span class='ocrx_word' id='word_1_211' title='bbox 538 2097 659 2134; x_wconf 90' lang='lat' dir='ltr'>Troia</span> <span class='ocrx_word' id='word_1_212' title='bbox 688 2102 891 2145; x_wconf 89' lang='lat' dir='ltr'>generatus</span> <span class='ocrx_word' id='word_1_213' title='bbox 920 2095 1080 2133; x_wconf 89' lang='lat' dir='ltr'>Acestes</span> 
     </span>
    </p>

    <p class='ocr_par' dir='ltr' id='par_1_13' title="bbox 127 2154 1185 2206">
     <span class='ocr_line' id='line_1_35' title="bbox 127 2154 1185 2206; baseline -0.004 -11"><span class='ocrx_word' id='word_1_214' title='bbox 127 2158 191 2195; x_wconf 85' lang='lat' dir='ltr'>dat</span> <span class='ocrx_word' id='word_1_215' title='bbox 221 2169 382 2194; x_wconf 91' lang='lat' dir='ltr'>numero</span> <span class='ocrx_word' id='word_1_216' title='bbox 412 2157 537 2206; x_wconf 89' lang='lat' dir='ltr'>capita</span> <span class='ocrx_word' id='word_1_217' title='bbox 566 2157 605 2193; x_wconf 91' lang='lat' dir='ltr'>in</span> <span class='ocrx_word' id='word_1_218' title='bbox 634 2167 773 2201; x_wconf 90' lang='lat' dir='ltr'>naves;</span> <span class='ocrx_word' id='word_1_219' title='bbox 814 2155 993 2192; x_wconf 89' lang='lat' dir='ltr'>adhibete</span> <span class='ocrx_word' id='word_1_220' title='bbox 1022 2154 1185 2191; x_wconf 89' lang='lat' dir='ltr'>Penates</span> 
     </span>
    </p>

    <p class='ocr_par' dir='ltr' id='par_1_14' title="bbox 126 2214 1171 2383">
     <span class='ocr_line' id='line_1_36' title="bbox 127 2214 1171 2267; baseline -0.004 -13"><span class='ocrx_word' id='word_1_221' title='bbox 127 2224 165 2254; x_wconf 88' lang='lat' dir='ltr'>et</span> <span class='ocrx_word' id='word_1_222' title='bbox 192 2217 336 2267; x_wconf 87' lang='lat' dir='ltr'>patrios</span> <span class='ocrx_word' id='word_1_223' title='bbox 366 2216 485 2265; x_wconf 91' lang='lat' dir='ltr'>epulis</span> <span class='ocrx_word' id='word_1_224' title='bbox 515 2223 552 2253; x_wconf 91' lang='lat' dir='ltr'>et</span> <span class='ocrx_word' id='word_1_225' title='bbox 581 2227 679 2265; x_wconf 89' lang='lat' dir='ltr'>quos</span> <span class='ocrx_word' id='word_1_226' title='bbox 709 2214 798 2252; x_wconf 91' lang='lat' dir='ltr'>colit</span> <span class='ocrx_word' id='word_1_227' title='bbox 826 2214 969 2263; x_wconf 90' lang='lat' dir='ltr'>hospes</span> <span class='ocrx_word' id='word_1_228' title='bbox 998 2214 1171 2251; x_wconf 87' lang='lat' dir='ltr'>Acestes.</span> 
     </span>
     <span class='ocr_line' id='line_1_37' title="bbox 126 2272 1086 2321; baseline -0.004 -8"><span class='ocrx_word' id='word_1_229' title='bbox 126 2276 336 2321; x_wconf 87' lang='lat' dir='ltr'>Praeterea,</span> <span class='ocrx_word' id='word_1_230' title='bbox 368 2277 398 2313; x_wconf 91' lang='lat' dir='ltr'>si</span> <span class='ocrx_word' id='word_1_231' title='bbox 428 2288 532 2313; x_wconf 87' lang='lat' dir='ltr'>nona</span> <span class='ocrx_word' id='word_1_232' title='bbox 561 2276 663 2313; x_wconf 90' lang='lat' dir='ltr'>diem</span> <span class='ocrx_word' id='word_1_233' title='bbox 691 2274 913 2312; x_wconf 88' lang='lat' dir='ltr'>mortalibus</span> <span class='ocrx_word' id='word_1_234' title='bbox 942 2272 1086 2310; x_wconf 86' lang='lat' dir='ltr'>almum</span> 
     </span>
     <span class='ocr_line' id='line_1_38' title="bbox 126 2332 1078 2383; baseline -0.005 -10"><span class='ocrx_word' id='word_1_235' title='bbox 126 2337 277 2373; x_wconf 86' lang='lat' dir='ltr'>Aurora</span> <span class='ocrx_word' id='word_1_236' title='bbox 306 2335 479 2372; x_wconf 84' lang='lat' dir='ltr'>extulerit</span> <span class='ocrx_word' id='word_1_237' title='bbox 508 2335 699 2383; x_wconf 89' lang='lat' dir='ltr'>radiisque</span> <span class='ocrx_word' id='word_1_238' title='bbox 728 2333 904 2371; x_wconf 83' lang='lat' dir='ltr'>retexerit</span> <span class='ocrx_word' id='word_1_239' title='bbox 933 2332 1078 2377; x_wconf 89' lang='lat' dir='ltr'>orbem,</span> 
     </span>
    </p>

    <p class='ocr_par' dir='ltr' id='par_1_15' title="bbox 127 2391 1193 2506">
     <span class='ocr_line' id='line_1_39' title="bbox 127 2391 1163 2445; baseline -0.004 -13"><span class='ocrx_word' id='word_1_240' title='bbox 127 2395 250 2445; x_wconf 89' lang='lat' dir='ltr'>prima</span> <span class='ocrx_word' id='word_1_241' title='bbox 279 2395 373 2432; x_wconf 86' lang='lat' dir='ltr'>citae</span> <span class='ocrx_word' id='word_1_242' title='bbox 404 2394 564 2431; x_wconf 91' lang='lat' dir='ltr'>Teucris</span> <span class='ocrx_word' id='word_1_243' title='bbox 593 2405 738 2442; x_wconf 85' lang='lat' dir='ltr'>ponam</span> <span class='ocrx_word' id='word_1_244' title='bbox 768 2392 975 2430; x_wconf 87' lang='lat' dir='ltr'>certamina</span> <span class='ocrx_word' id='word_1_245' title='bbox 1004 2391 1163 2437; x_wconf 88' lang='lat' dir='ltr'>classis;</span> 
     </span>
     <span class='ocr_line' id='line_1_40' title="bbox 129 2450 1193 2506; baseline -0.004 -14"><span class='ocrx_word' id='word_1_246' title='bbox 129 2455 269 2506; x_wconf 90' lang='lat' dir='ltr'>quique</span> <span class='ocrx_word' id='word_1_247' title='bbox 298 2454 441 2504; x_wconf 90' lang='lat' dir='ltr'>pedum</span> <span class='ocrx_word' id='word_1_248' title='bbox 472 2465 584 2492; x_wconf 89' lang='lat' dir='ltr'>cursu</span> <span class='ocrx_word' id='word_1_249' title='bbox 612 2452 711 2491; x_wconf 88' lang='lat' dir='ltr'>valet</span> <span class='ocrx_word' id='word_1_250' title='bbox 739 2458 776 2491; x_wconf 89' lang='lat' dir='ltr'>et</span> <span class='ocrx_word' id='word_1_251' title='bbox 804 2453 869 2503; x_wconf 90' lang='lat' dir='ltr'>qui</span> <span class='ocrx_word' id='word_1_252' title='bbox 897 2451 1035 2489; x_wconf 90' lang='lat' dir='ltr'>viribus</span> <span class='ocrx_word' id='word_1_253' title='bbox 1063 2450 1193 2489; x_wconf 86' lang='lat' dir='ltr'>audax</span> 
     </span>
    </p>
   </div>
   <div class='ocr_carea' id='block_1_3' title="bbox 1475 267 1520 299">
    <p class='ocr_par' dir='ltr' id='par_1_16' title="bbox 1475 267 1520 299">
     <span class='ocr_line' id='line_1_41' title="bbox 1475 267 1520 299; baseline 0 -10"><span class='ocrx_word' id='word_1_254' title='bbox 1475 267 1520 299; x_wconf 87' lang='grc'>30</span> 
     </span>
    </p>
   </div>
   <div class='ocr_carea' id='block_1_4' title="bbox 1477 564 1516 595">
    <p class='ocr_par' dir='ltr' id='par_1_17' title="bbox 1477 564 1516 595">
     <span class='ocr_line' id='line_1_42' title="bbox 1477 564 1516 595; baseline 0 0"><span class='ocrx_word' id='word_1_255' title='bbox 1477 564 1516 595; x_wconf 84' lang='grc'>35</span> 
     </span>
    </p>
   </div>
   <div class='ocr_carea' id='block_1_5' title="bbox 1473 859 1517 890">
    <p class='ocr_par' dir='ltr' id='par_1_18' title="bbox 1473 859 1517 890">
     <span class='ocr_line' id='line_1_43' title="bbox 1473 859 1517 890; baseline 0 -9"><span class='ocrx_word' id='word_1_256' title='bbox 1473 859 1517 890; x_wconf 87' lang='lat'>40</span> 
     </span>
    </p>
   </div>
   <div class='ocr_carea' id='block_1_6' title="bbox 1472 1157 1513 1190">
    <p class='ocr_par' dir='ltr' id='par_1_19' title="bbox 1472 1157 1513 1190">
     <span class='ocr_line' id='line_1_44' title="bbox 1472 1157 1513 1190; baseline -0.024 0"><span class='ocrx_word' id='word_1_257' title='bbox 1472 1157 1513 1190; x_wconf 86' lang='lat'>45</span> 
     </span>
    </p>
   </div>
   <div class='ocr_carea' id='block_1_7' title="bbox 1473 1457 1515 1488">
    <p class='ocr_par' dir='ltr' id='par_1_20' title="bbox 1473 1457 1515 1488">
     <span class='ocr_line' id='line_1_45' title="bbox 1473 1457 1515 1488; baseline 0 -10"><span class='ocrx_word' id='word_1_258' title='bbox 1473 1457 1515 1488; x_wconf 74' lang='lat'>50</span> 
     </span>
    </p>
   </div>
   <div class='ocr_carea' id='block_1_8' title="bbox 1473 1753 1513 1785">
    <p class='ocr_par' dir='ltr' id='par_1_21' title="bbox 1473 1753 1513 1785">
     <span class='ocr_line' id='line_1_46' title="bbox 1473 1753 1513 1785; baseline -0.025 0"><span class='ocrx_word' id='word_1_259' title='bbox 1473 1753 1513 1785; x_wconf 89' lang='grc'>55</span> 
     </span>
    </p>
   </div>
  </div>
 </body>
</html>
