1669 2737
559 74 726 110 LIBER
755 74 824 110 IV.
857 67 1067 121 614-691.

123 181 212 220 Vixi
240 188 278 220 et
305 195 420 232 quem
451 182 605 220 dederat
635 194 789 220 cursum
818 181 987 219 Fortuna
1016 180 1158 230 peregi,

122 248 160 278 et
187 253 290 279 nunc
317 254 459 291 magna
488 242 563 279 mei
592 243 663 279 sub
692 249 807 279 terras
837 243 904 278 ibit
933 242 1075 289 imago.

121 300 267 338 Urbem
297 301 531 351 praeclaram
561 302 683 347 statui,
713 314 800 338 mea
829 301 984 338 moenia
1012 300 1099 344 vidi,

121 360 198 398 ulta
226 362 345 398 virum
373 374 520 411 poenas
549 362 704 399 inimico
734 374 756 398 a
785 360 897 398 fratre
926 360 1064 409 recepi,

121 419 222 465 felix,
253 420 329 458 heu
357 421 517 458 nimium
547 420 646 466 felix,
676 421 707 457 si
736 421 845 457 litora
873 426 1021 457 tantum

122 490 333 528 numquam
362 480 580 518 Dardaniae
609 480 821 529 tetigissent
850 485 980 516 nostra
1010 476 1184 516 carinae?

122 537 239 584 Dixit,
269 545 306 576 et
334 551 379 577 os
407 539 594 588 impressa
622 546 707 577 toro
736 539 971 576 ‘Moriemur
1001 539 1152 580 inultae,

122 597 190 634 sed
218 598 446 644 moriamur‚’
475 599 538 643 ait,
569 602 577 617 ‘
594 598 647 636 sic
676 599 730 636 sic
759 599 860 635 iuvat
889 599 939 635 ire
970 598 1040 635 sub
1069 597 1234 633 umbras.

122 655 284 694 Hauriat
312 657 414 695 hunc
442 658 562 695 oculis
592 658 721 706 ignem
751 657 912 695 crudelis
942 657 990 694 ab
1020 657 1094 693 alto

121 713 334 761 Dardanus,
366 723 402 754 et
430 725 582 754 nostrae
612 729 744 754 secum
773 717 867 754 ferat
896 717 1026 753 omina
1055 712 1209 752 mortis!

121 774 290 822 Dixerat,
321 781 434 827 atque
463 778 563 815 illam
592 778 719 815 media
749 778 846 815 inter
875 777 962 814 talia
991 776 1089 813 ferro

122 836 332 885 collapsam
362 838 550 886 aspiciunt
579 838 740 875 comites
771 849 980 885 ensemque
1010 848 1142 873 cruore

122 903 364 944 spumantem
394 909 621 946 sparsasque
650 909 798 934 manus.
855 896 890 933 It
920 896 1064 933 clamor
1093 895 1142 931 ad
1172 893 1246 930 alta

121 955 238 1002 atria;
278 967 506 993 concussam
534 955 741 993 baechatur
770 955 890 992 Fama
918 968 985 1004 per
1014 955 1159 992 urbem.

122 1013 318 1053 Lamentis
347 1017 568 1066 gemituque
598 1023 635 1053 et
664 1016 828 1053 femineo
859 1016 1001 1053 ululatu

122 1081 221 1112 tecta
249 1075 424 1121 fremunt,
455 1083 610 1113 resonat
638 1075 789 1124 magnis
819 1075 1068 1124 plangoribus
1097 1072 1235 1117 aether,

121 1146 202 1172 non
231 1135 335 1172 aliter
362 1147 479 1184 quam
509 1136 539 1173 si
567 1135 746 1171 immissis
775 1142 859 1171 ruat
887 1134 1061 1171 hostibus
1091 1133 1217 1170 omnis

123 1193 316 1243 Carthago
346 1202 410 1231 aut
438 1195 595 1243 antiqua
624 1193 760 1243 Tyros,
791 1194 1045 1242 flammaeque
1076 1192 1241 1229 furentes

122 1253 289 1290 culmina
317 1266 460 1302 perque
491 1254 691 1290 hominum
719 1253 915 1290 volvantur
944 1264 1087 1301 perque
1118 1252 1291 1288 deorum.

122 1314 254 1350 Audiit
283 1314 468 1351 exanimis
497 1314 722 1362 trepidoque
752 1315 926 1350 exterrita
956 1324 1080 1357 cursu,

122 1373 317 1421 unguibus
346 1385 414 1410 ora
443 1385 550 1410 soror
580 1372 740 1410 foedans
776 1380 812 1408 et
846 1380 1003 1420 pectora
1033 1371 1173 1420 pugnis

123 1445 192 1482 per
219 1433 368 1470 medios
397 1433 468 1470 ruit
497 1445 541 1470 ac
570 1432 799 1469 morientem
828 1432 986 1468 nomine
1016 1431 1176 1468 clamat:

125 1496 133 1511 ‘
151 1491 242 1530 Hoc
270 1492 372 1534 illud,
401 1504 595 1541 germana,
626 1491 719 1528 fuit?
757 1503 819 1527 me
849 1490 980 1527 fraude
1010 1490 1198 1539 petebas?

124 1551 199 1589 hcc
227 1563 343 1600 rogus
371 1552 441 1589 iste
470 1551 575 1596 mihi,
607 1550 682 1587 hoc
711 1550 821 1598 ignes
851 1562 1013 1599 araeque
1044 1549 1265 1598 parabant?

124 1611 216 1660 quid
244 1611 409 1660 primum
438 1610 588 1648 deserta
617 1610 778 1659 querar?
822 1610 1054 1647 comitemne
1085 1620 1258 1645 sororem

125 1671 296 1720 Sprevisti
323 1670 515 1707 moriens?
555 1669 691 1706 eadem
721 1681 782 1705 me
812 1668 861 1705 ad
891 1668 967 1705 fata
995 1679 1186 1711 vocasseS,

124 1731 228 1768 idem
256 1730 389 1767 ambas
418 1730 516 1767 ferro
546 1728 656 1766 dolor
686 1735 798 1777 atque
831 1728 967 1765 eadem
996 1728 1090 1765 hora
1119 1727 1275 1764 tulisset.

127 1790 202 1828 His
231 1790 344 1827 etiam
373 1789 491 1826 struxi
520 1788 697 1825 manibus
727 1788 946 1837 patriosque
977 1787 1109 1824 vocavi

126 1862 221 1888 voce
251 1850 356 1895 deos,
387 1849 441 1886 sic
471 1855 508 1886 te
535 1855 577 1885 ut
606 1847 730 1896 posita
759 1847 921 1884 crudelis
951 1847 1157 1884 abessem?

126 1909 319 1947 Exstinxti
347 1915 383 1945 te
412 1919 562 1957 meque,
592 1918 711 1952 soror,
742 1906 1005 1955 populumque
1035 1912 1238 1954 patresque

129 1968 310 2006 Sidonios
337 1968 547 2016 urbemque
576 1972 692 2004 tuam.
750 1965 850 2003 Date
879 1966 1034 2002 vulnera
1063 1965 1226 2014 lymphis

127 2028 280 2065 abluam
309 2034 355 2074 et,
386 2034 579 2064 extremus
609 2026 639 2063 si
668 2026 753 2075 quis
783 2038 896 2074 super
925 2024 1060 2062 halitus
1091 2031 1199 2068 errat,

128 2099 195 2125 ore
224 2086 374 2137 legam!
433 2087 495 2124 Sic
524 2086 601 2123 fata
629 2086 769 2134 gradus
799 2091 969 2121 evaserat
998 2084 1094 2121 altos

130 2147 469 2196 semianimemque
497 2146 583 2183 sinu
611 2157 835 2194 germanam
865 2143 1043 2193 amplexa
1071 2142 1223 2180 fovebat

130 2218 219 2243 cum
246 2206 390 2254 gemitu
419 2212 532 2254 atque
561 2212 662 2241 atros
691 2204 859 2241 siccabat
887 2210 990 2239 veste
1020 2213 1185 2241 cruores.

130 2265 199 2302 Illa
228 2277 361 2314 graves
390 2265 524 2302 oculos
554 2272 692 2302 conata
721 2262 891 2300 attollere
921 2273 1048 2299 rursus

131 2324 283 2370 deficit;
326 2324 486 2360 infixum
515 2323 635 2361 stridit
663 2323 734 2360 sub
763 2329 917 2371 pectore
948 2320 1094 2358 vulnus.

132 2383 211 2421 Ter
240 2395 323 2420 sese
352 2383 527 2420 attollens
556 2382 762 2430 cubitoque
791 2381 932 2418 annixa
960 2380 1104 2423 levavit,

132 2450 186 2481 ter
214 2442 381 2480 revoluta
411 2449 494 2480 toro
524 2449 582 2480 est
610 2441 806 2490 oculisque
835 2440 1046 2477 errantibus
1077 2438 1152 2476 alto

186 2525 275 2551 VOL.
297 2525 321 2551 1.
826 2521 856 2548 M

1432 64 1507 104 161

1450 597 1512 629 660

1448 895 1508 936 665

1452 1787 1514 1819 680

1451 2087 1511 2126 685

1453 2383 1515 2423 690
