1669 2737
188 83 204 110 1
215 80 268 123 74
771 77 806 111 A
811 77 849 112 E
850 77 996 114 NEIS.

183 196 390 234 aequemus
418 196 578 234 pugnas.
635 183 767 234 Erycis
796 185 860 222 tibi
889 192 995 233 terga
1026 185 1179 223 remitto

184 243 302 293 (solve
331 242 470 293 metus)
501 250 536 281 et
564 250 604 280 tu
634 243 827 281 Troianos
858 256 954 281 exue
985 243 1158 282 caestus!

184 303 295 341 Haec
325 303 421 340 fatus
451 303 642 352 duplicem
672 315 719 339 ex
748 304 889 340 umeris
918 304 1047 341 reiecit
1076 303 1270 348 amictum,

184 369 222 399 et
249 375 413 411 magnos
441 363 702 399 membrorum
733 370 846 408 artus,
876 374 1019 411 magna
1049 374 1140 400 ossa
1167 362 1406 412 lacertosque

183 422 286 459 exuit
314 429 427 471 atque
456 422 593 470 ingens
621 421 748 458 media
781 422 954 459 consistit
982 422 1134 458 harena.

184 480 289 518 Tum
318 488 421 518 satus
450 480 619 517 Anchisa
648 489 797 518 caestus
826 488 933 529 pater
963 481 1096 518 extulit
1125 492 1282 530 aequos,

183 547 220 577 et
248 541 401 589 paribus
428 540 576 589 palmas
605 541 805 576 amborum
834 540 1007 577 innexuit
1035 541 1161 578 armis.

184 600 362 638 Constitit
390 600 429 636 in
457 600 595 648 digitos
623 599 816 648 externplo
847 607 1014 637 arrectus
1042 607 1201 649 uterque

182 659 435 709 bracchiaque
465 660 514 696 ad
543 671 697 708 superas
726 659 916 696 interritus
946 659 1078 696 extulit
1106 671 1228 697 auras.

180 719 388 756 Abduxere
417 726 517 755 retro
545 718 662 766 longe
691 718 816 767 capita
845 718 962 755 ardua
991 719 1040 756 ab
1068 719 1143 756 ictu

182 777 473 826 immiscentque
503 789 639 814 manus
668 777 855 822 manibus,
886 790 1136 827 pugnamque
1165 778 1368 822 lacessunt,

181 838 242 875 ille
270 837 413 886 pedum
442 836 574 873 melior
602 843 711 873 motu
740 836 932 885 fretusque
962 837 1126 882 iuventa,

181 897 242 935 hic
271 897 452 933 membris
481 903 517 933 et
545 896 647 933 mole
677 895 830 942 valens;
870 896 938 933 sed
967 896 1074 933 tarda
1103 897 1279 934 trementi

181 969 307 1005 genua
335 956 475 1000 labant,
506 962 633 992 vastos
664 955 783 1004 quatit
813 967 927 1004 aeger
955 955 1142 993 anhelitus
1172 963 1285 993 artus.

181 1016 304 1053 Multa
333 1016 398 1052 viri
427 1015 662 1064 nequiquam
692 1015 788 1052 inter
816 1027 856 1052 se
886 1015 1043 1052 vulnera
1071 1015 1222 1061 iactant,

180 1075 299 1112 multa
327 1086 420 1112 cavo
450 1074 554 1111 lateri
585 1074 823 1121 ingeminant
852 1080 888 1111 et
917 1081 1072 1122 pectore
1102 1081 1229 1111 vastos

181 1135 272 1171 dant
301 1134 458 1178 sonitus,
488 1140 661 1182 erratque
690 1145 798 1170 aures
827 1140 864 1170 et
893 1140 1069 1182 tempora
1097 1133 1240 1170 circum

180 1194 312 1230 crebra
340 1204 487 1236 manus,
518 1192 614 1228 duro
644 1192 829 1240 crepitant
858 1191 929 1228 sub
959 1192 1112 1229 vulnere
1141 1191 1274 1228 malae.

181 1252 262 1289 Stat
289 1252 412 1300 gravis
442 1250 625 1295 Entellus,
656 1251 819 1299 nisuque
849 1251 1029 1288 immotus
1059 1250 1197 1288 eodem

179 1324 340 1361 corpore
369 1311 442 1348 tela
470 1311 589 1348 modo
619 1317 731 1359 atque
762 1310 881 1347 oculis
911 1310 1150 1358 vigilantibus
1178 1310 1264 1347 exit.

179 1371 258 1417 Ille,
287 1371 386 1407 velut
415 1370 555 1407 celsam
585 1376 786 1418 oppugnat
816 1371 879 1418 qui
911 1370 1077 1407 molibus
1105 1369 1240 1406 urbem

179 1438 244 1467 aut
271 1437 454 1467 montana
484 1429 589 1466 sedet
617 1429 760 1466 circum
791 1428 944 1466 castella
975 1430 1045 1465 sub
1073 1428 1198 1473 armis,

178 1502 280 1527 nunc
308 1489 389 1534 hos,
420 1501 522 1526 nunc
551 1488 635 1525 illos
663 1487 796 1531 aditus,
826 1499 1061 1536 omnemque
1090 1493 1256 1535 pererrat

178 1556 256 1586 arte
285 1548 413 1585 locum
443 1554 478 1584 et
506 1547 616 1584 variis
644 1547 848 1584 assultibus
878 1547 1000 1584 irritus
1027 1554 1148 1595 urget.

179 1607 359 1645 Ostendit
387 1606 559 1643 dextram
588 1606 789 1653 insurgens
818 1605 991 1642 Entellus
1020 1612 1057 1642 et
1086 1605 1158 1641 alte

178 1667 330 1705 extulit:
369 1666 429 1702 ille
458 1666 576 1703 ictum
605 1665 820 1701 venientem
851 1677 873 1701 a
901 1665 1037 1701 vertice
1067 1664 1177 1701 velox

178 1726 361 1775 praevidit
390 1725 577 1773 celerique
606 1724 758 1773 elapsus
792 1735 952 1771 corpore
982 1724 1118 1769 cessit3

177 1784 348 1822 Entellus
377 1784 472 1821 vires
501 1784 541 1820 in
569 1790 724 1820 ventum
754 1781 896 1827 effudit,
928 1790 965 1819 et
994 1782 1093 1818 ultro

176 1846 257 1893 ipse
285 1844 408 1892 gravis
437 1843 675 1891 graviterque
704 1841 753 1878 ad
782 1848 919 1878 terram
949 1841 1121 1889 pondere
1152 1847 1257 1877 vasto

177 1903 354 1949 concidit,
383 1910 423 1939 ut
451 1902 650 1951 quondam
678 1912 770 1938 cava
800 1900 964 1938 concidit
995 1907 1059 1936 aut
1087 1898 1326 1948 Erymantho

176 1970 239 2000 aut
267 1962 337 1999 Ida
365 1963 404 1998 in
432 1973 575 2010 magna
602 1960 793 1998 radicibus
822 1966 926 1996 eruta
953 1959 1075 2007 pinus.

176 2022 423 2071 Consurgunt
453 2022 585 2059 studiis
615 2020 756 2058 Teucri
785 2026 822 2057 et
852 2019 1050 2056 Trinacria
1079 2019 1224 2067 pubes;

176 2085 203 2121 it
231 2083 372 2121 clamor
401 2082 520 2126 caelo,
550 2081 773 2130 primusque
803 2079 962 2116 accurrit
990 2079 1150 2115 Acestes

174 2153 487 2191 aequaevumque
516 2142 565 2178 ab
594 2140 712 2177 humo
742 2139 928 2176 miserans
957 2138 1089 2175 attollit
1118 2137 1296 2174 amicum.

174 2204 226 2241 At
254 2215 333 2240 non
362 2202 530 2239 tardatus
559 2213 651 2238 casu
679 2212 805 2249 neque
834 2199 983 2236 territus
1012 2197 1126 2235 heros

174 2263 295 2301 aerior
323 2261 371 2298 ad
399 2272 571 2309 pugnam
601 2259 696 2296 redit
725 2270 770 2295 ac
799 2258 873 2294 vim
903 2257 1059 2294 suscitat
1087 2257 1150 2294 ira.

175 2321 279 2358 Tum
307 2320 432 2369 pudor
460 2319 627 2356 incendit
656 2318 752 2354 vires
780 2323 816 2354 et
846 2316 1000 2354 conscia
1029 2315 1167 2361 virtus3

174 2381 496 2430 praecipitemque
523 2378 654 2416 Daren
683 2377 821 2413 ardens
851 2376 928 2424 agit
957 2386 1122 2423 aequore
1152 2381 1234 2411 toto

175 2452 278 2478 nunc
306 2439 438 2477 dextra
466 2438 708 2487 ingeminans
738 2437 842 2482 ictus,
874 2447 976 2472 nunc
1006 2434 1064 2472 ille
1095 2433 1252 2471 sinistra.

1504 257 1568 288 420

1504 551 1566 584 425

1502 847 1568 880 430

1502 1145 1565 1176 435

1500 1439 1565 1471 440

1499 1734 1561 1766 445

1496 2030 1560 2063 450

1493 2329 1556 2361 455
