1669 2737
560 97 730 132 LIBER
765 97 806 133 V.
842 91 1051 144 185-262.

115 208 381 257 consequitur:
419 205 529 252 cedit,
559 207 744 256 quoniam
774 206 935 254 spoliata
963 208 1147 254 magistro
1178 212 1245 244 est.

117 267 228 305 Solus
257 267 410 316 iamque
439 266 524 315 ipso
554 272 727 314 superest
755 264 794 301 in
823 265 898 301 fine
927 264 1155 310 Cloanthus,

115 338 230 375 quem
258 326 352 374 petit
379 332 417 363 et
447 325 605 362 summis
635 324 798 362 annixus
827 324 966 361 viribus
1001 330 1121 372 urget.

115 385 221 422 Tum
248 397 337 422 vero
367 385 576 434 ingeminat
605 384 759 429 clamor,
791 384 993 432 cunctique
1024 391 1248 432 sequentem

113 445 293 493 instigant
322 444 466 490 studiis,
497 451 726 493 resonatque
757 443 969 492 fragoribus
999 443 1138 480 aether.

114 503 169 540 Hi
197 504 392 553 proprium
421 504 539 541 decus
567 510 604 541 et
628 509 780 552 partum
809 503 1053 551 indignantur
1082 503 1272 540 honorem

114 563 152 600 ni
180 569 346 608 teneant,
376 563 567 612 vitamque
595 562 728 599 volunt
755 574 826 611 pro
855 562 968 599 laude
998 563 1164 611 pacisci;

113 621 186 659 hos
215 633 415 659 successus
444 622 529 659 alit:
569 627 742 670 possunt,
774 622 861 670 quia
890 633 1005 670 posse
1035 622 1221 659 videntur.

113 680 163 718 Et
191 680 270 718 fors
299 682 468 730 aequatis
497 681 688 731 cepissent
717 681 886 730 praemia
915 681 1056 727 rostris,

113 740 152 777 ni
181 740 328 789 palmas
356 747 477 789 ponto
507 740 668 778 tendens
698 747 879 789 utrasque
909 739 1124 778 Cloanthus

113 798 347 848 fudissetque
375 811 508 848 preces
539 800 724 848 divosque
753 801 793 836 in
821 806 911 837 vota
939 809 1122 837 vocasset.

1422 90 1500 142 169

1440 277 1500 308 ²25

114 858 196 904 ‘Di‚
226 859 365 907 quibus
393 858 597 908 imperium
627 867 684 896 est
712 859 849 907 pelagi,
881 871 1046 908 quorum
1076 871 1244 908 aequora
1275 870 1395 905 curro,
1438 874 1496 905 235

113 919 221 955 vobis
249 918 369 956 laetus
397 931 472 967 ego
502 919 576 956 hoc
606 919 836 956 candentem
866 919 904 955 in
934 919 1041 956 litore
1071 926 1221 957 taurum

114 978 345 1015 constituam
374 985 461 1015 ante
491 990 576 1015 aras
605 978 682 1015 voti
711 990 799 1015 reus
828 986 992 1027 extaque
1022 979 1144 1016 salsos

113 1037 310 1086 proiiciam
339 1038 378 1074 in
406 1038 542 1076 fluctus
573 1044 609 1075 et
637 1038 724 1074 vina
751 1038 936 1087 liquentia
965 1038 1147 1075 fundam.’

113 1096 230 1141 Dixit,
259 1109 424 1146 eumque
451 1098 537 1135 imis
568 1098 638 1134 sub
668 1096 845 1135 fluctibus
877 1098 993 1135 audiit
1023 1100 1148 1136 omnis

113 1156 323 1194 Nereidum
353 1156 568 1206 Phorcique
598 1156 736 1194 chorus
766 1156 1026 1206 Panopeaque
1056 1158 1174 1206 virgo,

115 1223 151 1253 et
179 1222 286 1264 pater
313 1216 395 1264 ipse
423 1228 542 1252 manu
571 1227 712 1264 magna
742 1215 932 1253 Portunus
962 1224 1116 1254 euntem

114 1274 283 1323 impulit:
322 1275 383 1312 illa
411 1274 518 1312 Noto
548 1275 657 1312 citius
686 1275 904 1324 volucrique
935 1276 1070 1323 sagitta

115 1334 163 1370 ad
193 1341 330 1371 terram
360 1334 455 1383 fugit
483 1341 520 1372 et·
548 1341 661 1383 portu
691 1346 731 1371 se
761 1334 931 1372 condidit
959 1335 1047 1373 alto.

115 1393 220 1430 Tum
249 1401 351 1431 satus
381 1394 551 1432 Anchisa
579 1394 725 1432 cunctis
754 1406 800 1431 ex
830 1406 937 1431 more
967 1396 1110 1434 vocatis

114 1453 297 1490 victorem
325 1465 467 1502 magna
493 1454 694 1503 praeconis
723 1465 817 1491 voce
847 1453 1078 1492 Cloanthum

115 1512 279 1550 declarat
308 1513 490 1563 viridique
518 1513 666 1551 advelat
694 1520 868 1562 tempora
897 1513 1014 1559 lauro,

115 1583 348 1621 muneraque
376 1572 415 1609 in
443 1584 560 1610 naves
588 1579 717 1610 ternos
746 1581 877 1621 optare
908 1573 1087 1610 iuvencos

116 1631 276 1680 vinaque
299 1639 336 1669 et
363 1633 510 1681 argenti
538 1644 725 1681 magnum
754 1632 818 1669 dat
846 1632 943 1670 ferre
973 1633 1168 1671 talentum.

116 1691 216 1740 Ipsis
244 1691 471 1740 praecipuos
500 1691 719 1729 ductoribus
747 1691 852 1729 addit
880 1692 1068 1730 honores:

116 1751 247 1788 w'ctori
277 1751 517 1801 chlamydem
545 1758 727 1797 auratam,
758 1764 873 1800 quam
903 1752 1067 1800 plurima
1096 1752 1241 1789 circum

117 1822 284 1860 purpura
312 1809 526 1849 Maeandro
556 1811 696 1861 duplici
727 1811 921 1849 Meliboea
951 1812 1125 1856 cucurrit,

117 1871 360 1918 intextusque
389 1882 483 1919 puer
511 1870 695 1908 frondosa
722 1872 848 1920 regius
879 1871 949 1908 Ida

117 1928 267 1967 veloces
295 1929 420 1967 iaculo
451 1942 583 1968 cervos
613 1943 803 1980 cursuque
833 1930 975 1980 fatigat,

119 2000 215 2034 acer,
245 1988 436 2026 anhelanti
467 1989 610 2035 similis,
641 2002 756 2039 quem
786 2003 947 2039 praepes
977 1991 1025 2027 ab
1055 1990 1126 2028 Ida

119 2047 320 2086 sublimem
349 2048 511 2098 pedibus
540 2050 662 2098 rapuit
692 2050 793 2087 Iovis
822 2050 985 2098 armiger
1014 2051 1147 2087 uncis:

118 2107 294 2156 longaevi
321 2107 468 2156 palmas
496 2109 731 2158 nequiquam
761 2109 810 2146 ad
840 2109 964 2146 sidera
992 2109 1154 2147 tendunt

120 2166 307 2212 custodes,
338 2167 532 2216 saevitque
561 2180 702 2205 canum
732 2168 885 2205 latratus
913 2168 953 2204 in
983 2180 1104 2205 auras.

120 2226 172 2263 At
199 2226 263 2274 qui
292 2225 429 2263 deinde
457 2226 586 2264 locum
615 2227 734 2263 tenuit
762 2227 895 2263 virtute
926 2227 1149 2273 secundum,

120 2285 264 2323 levibus
291 2284 377 2321 huic
406 2284 528 2322 hamis
557 2293 773 2322 consertam
805 2297 974 2334 auroque
1002 2286 1164 2324 trilicem

122 2345 289 2390 loricam,
319 2356 434 2393 quam
462 2343 654 2381 Demoleo
683 2344 895 2381 detraxerat
930 2345 1010 2394 ipse

121 2404 241 2441 victor
268 2403 371 2451 apud
397 2402 572 2451 rapidum
603 2402 802 2440 Simoenta
831 2404 902 2440 sub
932 2404 1002 2441 Ilio
1032 2404 1120 2450 alto,

123 2462 242 2500 donat
269 2461 407 2499 habere
437 2462 527 2508 viro,
559 2461 675 2500 decus
704 2469 741 2500 et
770 2469 941 2500 tutamen
970 2463 1010 2501 in
1040 2464 1164 2502 armis.

1440 1173 1500 1203 240

1443 2354 1507 2386 260
