1669 2737
535 74 704 109 LIBER
733 75 789 109 II,
823 69 1035 124 263-340.

91 184 247 229 semina,
277 195 372 221 neve
401 183 487 220 olea
515 182 701 220 silvestres
730 182 854 220 insere
884 190 1065 222 truncos:

89 256 180 280 nam
209 256 323 293 saepe
352 243 513 280 incautis
542 243 757 291 pastoribus
787 244 926 281 excidit
955 245 1065 293 ignis,

90 304 153 352 qui
182 303 311 341 furtim
339 303 471 352 pingui
500 304 666 352 primum
696 304 767 340 sub
797 304 939 341 cortice
970 312 1090 342 tectus

87 366 228 402 robora
257 364 506 414 comprendit,
535 364 766 414 frondesque
797 365 949 414 elapsus
978 366 1016 403 in
1046 367 1140 404 altas

88 427 284 475 ingentem
315 427 420 464 caelo
451 426 619 464 sonitum
649 426 752 463 dedit
769 439 778 472 3
816 427 906 464 inde
935 434 1086 465 secutus

88 498 157 534 per
184 498 312 524 ramos
341 486 459 524 victor
487 497 632 535 perque
661 485 735 522 alta
765 487 965 523 cacumina
994 494 1138 534 regnat,

89 551 125 582 et
152 552 276 582 totum
304 544 458 582 involvit
486 544 650 581 flammis
679 556 815 582 nemus
844 552 881 582 et
910 545 983 582 ruit
1014 552 1134 582 atram

88 603 138 641 ad
167 603 314 641 caelum
343 604 454 652 picea
482 615 633 640 crassus
663 603 826 651 caligine
856 604 1011 649 nubem,

88 665 308 714 praesertim
338 665 368 702 si
397 671 604 713 tempestas
634 676 656 701 a
685 665 822 701 vertice
853 665 953 702 silvis

89 724 270 770 incubuit,
298 723 563 772 glomeratque
593 723 719 760 serens
748 724 926 760 incendia
954 731 1100 761 ventus.

88 782 180 820 Hoc
207 783 283 829 ubi,
313 795 392 820 non
421 795 444 820 a
472 783 586 832 stirpe
615 782 740 820 valent
769 795 979 832 caesaeque
1009 783 1141 821 reverti

88 849 250 890 possunt
279 849 392 891 atque
421 843 498 879 ima
526 842 667 879 similes
696 842 921 879 revirescere
951 850 1059 880 terra.

88 899 224 937 Infelix
254 907 406 949 superat
433 900 533 937 foliis
557 900 718 938 oleaster
746 901 896 938 amaris.

143 961 228 999 Nec
256 962 323 999 tibi
352 969 429 998 tam
457 961 626 1010 prudens
656 962 858 1011 quisquam
887 962 1113 1011 persuadeat
1143 970 1275 1000 auctor

88 1022 259 1060 tellurem
289 1022 414 1060 Borea
440 1023 602 1071 rigidam
631 1023 799 1071 spirante
828 1024 984 1060 moveri.

90 1083 196 1120 Rura
224 1083 314 1133 gelu
342 1090 423 1120 tum
453 1083 592 1121 claudit
621 1083 782 1132 hiemps,
814 1096 885 1121 nec
916 1084 1062 1122 semine
1092 1085 1191 1121 iacto

90 1148 309 1180 concretam
338 1143 475 1191 patitur
503 1142 671 1179 radicem
701 1143 855 1192 affigere
884 1150 1015 1181 terrae.

91 1201 248 1251 Optima
275 1202 410 1239 vinetis
439 1202 547 1246 satio,
579 1213 666 1238 curn
696 1214 783 1239 vere
812 1203 963 1239 rubenti

90 1260 255 1298 candida
283 1260 385 1297 venit
414 1261 492 1297 avis
521 1260 649 1309 longis
678 1261 798 1298 invisa
827 1261 1004 1307 colubris,

89 1320 213 1369 prima
240 1320 299 1356 vel
326 1320 496 1357 autumni
526 1321 597 1357 sub
626 1319 776 1368 frigora,
808 1332 896 1357 cum
926 1321 1081 1369 rapidus
1112 1320 1177 1357 Sol

90 1380 265 1417 nondum
293 1379 458 1416 hiemem
487 1379 674 1427 contingit
703 1381 821 1428 equis,
852 1380 928 1416 iam
957 1380 1135 1429 praeterit
1165 1385 1301 1417 aestas.

89 1439 169 1476 Ver
198 1439 295 1476 adeo
325 1438 448 1475 frondi
477 1450 693 1483 nemorum,
722 1451 786 1475 ver
815 1439 903 1476 utile
933 1439 1055 1484 silvis余

91 1512 176 1538 vere
205 1507 353 1538 tument
381 1507 500 1537 terrae
529 1507 566 1536 et
594 1500 774 1548 genitalia
804 1501 950 1537 semina
979 1506 1157 1548 poscunt.

91 1561 196 1597 Tum
225 1566 331 1610 pater
359 1559 605 1607 omnipotens
634 1558 808 1596 fecundis
838 1559 1022 1596 imbribus
1052 1558 1196 1595 Aether

91 1621 265 1669 coniugis
293 1621 332 1657 in
360 1620 548 1668 gremium
576 1619 697 1656 laetae
727 1619 933 1664 descendit,
965 1626 1002 1656 et
1032 1630 1171 1656 omnes

91 1693 255 1729 magnus
285 1681 348 1718 alit
376 1692 518 1728 magno
548 1681 780 1717 commixtus
809 1691 970 1729 corpore
1000 1679 1110 1716 setus.

91 1742 187 1778 Avia
214 1747 295 1777 tum
323 1746 506 1776 resonant
533 1739 663 1776 avibus
691 1739 853 1787 virgulta
882 1739 1046 1783 canoris,

92 1807 128 1836 et
156 1799 349 1836 Venerem
379 1798 488 1835 certis
518 1805 695 1846 repetunt
724 1805 895 1835 armenta
925 1798 1083 1843 diebus余

91 1860 247 1908 parturit
275 1859 397 1896 almus
425 1870 526 1907 ager,
557 1858 798 1908 Zephyrique
828 1858 1044 1906 tepentibus
1075 1858 1178 1896 auris

91 1919 220 1956 laxant
248 1930 337 1955 arva
366 1918 493 1964 sinus余
534 1925 688 1966 superat
716 1925 822 1954 tener
851 1918 1032 1954 omnibus
1062 1928 1196 1963 umor余

92 1981 206 2030 inque
234 1992 355 2018 novos
384 1980 484 2017 soles
513 1979 653 2017 audent
683 1991 723 2016 se
751 1980 925 2028 germina
954 1985 1035 2015 tuto

93 2041 257 2086 credere,
286 2052 359 2078 nec
386 2040 520 2076 metuit
547 2046 747 2088 surgentes
776 2040 982 2088 pampinus
1012 2039 1178 2075 Austros

93 2107 157 2137 aut
184 2108 312 2137 actum
341 2099 447 2136 caelo
476 2099 628 2147 magnis
657 2099 914 2148 Aquilonibus
944 2099 1119 2143 imbrem,

93 2162 162 2199 sed
188 2162 302 2200 trudit
330 2173 504 2210 gemmas
533 2167 569 2197 et
597 2160 754 2197 frondes
784 2160 948 2209 explicat
977 2171 1125 2196 omnes.

93 2220 186 2258 Non
215 2221 310 2258 alios
340 2221 464 2270 prima
492 2220 698 2257 crescentis
728 2220 876 2269 origine
908 2219 1043 2255 mundi

93 2281 258 2317 illuxisse
289 2280 369 2318 dies
398 2280 559 2317 aliumve
588 2279 766 2316 habuisse
796 2286 969 2315 tenorem

95 2340 342 2377 crediderim:
381 2351 446 2376 ver
474 2339 566 2376 illud
595 2345 684 2382 erat,
715 2350 778 2374 ver
808 2349 972 2386 magnus
1002 2338 1140 2386 agebat

96 2399 208 2444 orbis,
238 2406 275 2435 et
302 2398 470 2435 hibernis
498 2398 706 2446 parcebant
735 2397 888 2433 flatibus
916 2395 1019 2441 Euri,

96 2471 184 2497 curn
211 2459 356 2509 primae
385 2459 511 2497 lucem
541 2458 709 2507 pecudes
738 2457 910 2504 hausere,
942 2458 1139 2506 virumque

1425 79 1478 121 47

1416 679 1480 709 310

1414 978 1475 1008 315

1417 1572 1478 1603 325

1417 1872 1483 1903 330

1421 2173 1480 2204 335

1423 2471 1486 2503 340
