1669 2737
122 74 142 101 2
148 74 203 116 34
690 68 723 103 Α
727 69 911 105 ENEIS.

121 175 258 224 Surgit,
289 182 325 214 et
354 176 508 214 aetherii
538 183 716 227 spectans
747 178 906 216 orientia
935 176 1024 215 solis

120 234 262 272 lumina
290 236 357 273 rite
386 237 486 273 cavis
513 236 658 273 undam
690 237 736 274 de
766 237 922 274 flumine
953 236 1089 285 palmis

121 295 279 333 sustinet
307 308 352 333 ac
380 295 472 333 tales
502 296 661 333 effundit
691 296 739 333 ad
767 297 918 334 aethera
948 308 1086 333 voces:
1460 307 1499 339 70

122 354 359 404 ‘Nymphae‚
389 354 598 393 Laurentes
629 355 844 404 Nymphae,
874 368 996 406 genus
1025 354 1202 392 amnibus
1231 352 1333 391 unde
1363 358 1429 397 est,

121 422 248 463 tuque,
278 426 302 451 o
331 413 478 463 Thybri
506 421 572 452 tuo
603 415 753 464 genitor
782 428 870 452 cum
899 415 1054 452 flumine
1087 420 1230 459 sancto,

121 474 280 522 accipite
309 473 468 510 Aenean
498 480 535 510 et
563 473 718 510 tandem
749 482 874 511 arcete
904 473 1065 524 periclis.

123 532 213 579 Quo
243 539 279 570 te
309 544 473 581 cumque
502 532 606 569 lacus
635 533 880 570 miserantem
909 531 1157 569 incommoda
1185 537 1315 567 nostra

122 592 228 629 fonte
256 597 369 637 tenet,
400 603 645 640 quocumque
675 591 758 629 solo
787 592 1061 641 pulcherrimus
1092 591 1183 635 exis,
1463 601 1500 634 75

124 663 275 700 semper
303 650 449 687 honore
478 662 578 695 meo,
609 662 759 699 semper
788 650 1028 688 celebrabere
1057 650 1179 694 donis,

124 711 298 759 corniger
326 709 587 758 Hesperidum
616 708 750 746 fluvius
779 716 959 758 regnator
987 720 1195 758 aquarum:

124 770 225 807 adsis
254 781 277 806 0
307 775 455 806 tantum
484 775 521 805 et
550 768 706 816 propius
736 775 800 805 tua
829 769 987 806 numina
1016 769 1166 806 firmes.'

126 829 187 866 Sic
217 835 404 866 memorat
433 827 682 876 geminasque
712 826 803 875 legit
832 828 880 865 de
911 828 1031 865 classe
1058 828 1221 864 biremes

124 888 359 937 remigioque
389 893 502 935 aptat,
533 886 659 923 socios
689 886 800 923 simul
829 887 977 924 instruit
1006 887 1129 924 armis.
1462 889 1505 919 80

177 947 280 984 Ecce
310 953 435 983 autem
466 946 632 982 subitum
662 951 775 994 atque
804 946 924 982 oculis
954 946 1122 982 mirabile
1152 950 1378 989 monstrum,

125 1007 286 1045 candida
314 1019 381 1056 per
410 1006 541 1043 silvam
570 1017 658 1042 curn
688 1005 765 1042 fetu
795 1006 977 1043 concolor
1005 1006 1092 1043 albo

124 1067 325 1117 procubuit
353 1065 536 1114 viridique
566 1064 604 1101 in
632 1064 741 1101 litore
769 1065 1002 1113 conspicitur
1031 1077 1117 1102 sus:

125 1138 241 1176 quam
269 1126 355 1175 pius
383 1125 535 1161 Aeneas
564 1123 630 1160 tibi
660 1123 774 1168 enim,
803 1124 881 1169 tibi,
910 1124 1079 1161 maxima
1108 1124 1217 1169 Iuno,

123 1191 265 1222 mactat
294 1196 400 1222 sacra
429 1182 552 1221 ferens
581 1189 617 1219 et
647 1194 734 1219 cum
765 1195 881 1232 grege
911 1184 1005 1220 sistit
1033 1183 1082 1220 ad
1111 1195 1224 1220 aram.
1463 1186 1501 1226 85

125 1244 290 1294 Thybris
319 1256 364 1281 ea
391 1242 556 1287 fluvium,
587 1254 703 1290 quam
732 1242 849 1290 longa
877 1248 945 1287 est,
976 1248 1091 1279 nocte
1119 1247 1332 1279 tumentem

124 1303 238 1348 leniit,
268 1308 305 1340 et
334 1302 447 1339 tacita
474 1300 640 1338 refluens
670 1301 720 1337 ita
749 1301 913 1338 substitit
940 1300 1055 1346 unda,

124 1363 225 1400 mitis
253 1368 294 1399 ut
321 1361 360 1398 in
388 1372 537 1397 morem
566 1359 691 1409 stagni
719 1359 967 1409 placidaeque
996 1360 1144 1409 paludis

125 1426 308 1459 sterneret
335 1431 480 1468 aequor
509 1419 628 1468 aquis,
659 1430 766 1456 remo
797 1425 838 1456 ut
865 1418 1056 1457 luctamen
1085 1420 1244 1457 abesset.

125 1480 228 1528 Ergo
257 1480 325 1516 iter
353 1479 548 1527 inceptum
577 1477 741 1516 celerant
768 1490 920 1516 rumore
950 1478 1130 1516 secundo.
1463 1490 1504 1522 90

126 1538 282 1576 Labitur
309 1544 426 1575 uncta
453 1537 558 1574 vadis
588 1537 717 1574 abies:
755 1538 938 1575 mirantur
966 1544 1003 1574 et
1031 1536 1166 1582 undae,

125 1601 280 1636 miratur
307 1610 443 1636 nemus
471 1598 663 1635 insuetum
691 1597 875 1647 fulgentia
902 1597 1018 1647 longe

126 1666 232 1696 scuta
259 1658 380 1694 virum
407 1656 521 1693 fluvio
549 1657 747 1705 pictasque
776 1657 906 1695 innare
935 1657 1091 1694 carinas.

127 1716 201 1754 Olli
231 1716 391 1765 remigio
419 1721 653 1764 noctemque
682 1715 861 1764 diemque
889 1715 1049 1764 fatigant

126 1782 163 1813 et
191 1776 329 1823 longos
358 1781 537 1823 superant
565 1773 686 1811 flexus
715 1774 902 1823 variisque
930 1780 1109 1822 teguntur
1463 1786 1504 1819 95

126 1834 321 1871 arboribus
345 1832 558 1881 viridesque
587 1839 718 1870 secant
747 1832 899 1882 placido
928 1844 1094 1882 aequore
1124 1831 1245 1869 silvas.

128 1895 194 1932 Sol
221 1894 392 1931 medium
420 1893 513 1931 caeli
543 1893 818 1930 conscenderat
844 1893 979 1942 igneus
1008 1893 1152 1936 orbem,

126 1966 213 1992 cum
243 1965 372 1990 muros
401 1964 603 2001 arcemque
631 1952 765 2001 procul
794 1964 837 1989 ac
867 1963 949 1989 rara
978 1951 1181 1989 domorum

125 2020 224 2051 tecta
252 2014 391 2057 vident,
421 2024 518 2062 quae
547 2023 650 2049 nunc
679 2010 858 2049 Romana
885 2012 1054 2060 potentia
1083 2011 1189 2048 caelo

126 2075 301 2122 aequavit
330 2071 426 2123 (tum
454 2084 513 2109 res
542 2072 677 2120 inopes
705 2070 904 2108 Evandrus
933 2069 1136 2119 habebat):
1444 2084 1504 2107 100

126 2133 233 2170 ocius
262 2132 460 2170 advertunt
488 2142 619 2180 proras
647 2131 808 2179 urbique
836 2130 1104 2180 propinquant.

179 2191 293 2228 Forte
323 2191 382 2228 die
412 2189 637 2228 sollemnem
666 2189 729 2226 illo
758 2201 826 2226 rex
855 2189 974 2226 Arcas
1002 2189 1190 2226 honorem

126 2249 490 2300 Amphitryoniadae
519 2260 663 2297 magno
693 2248 863 2298 divisque
891 2247 1034 2285 ferebat

126 2317 214 2347 ante
242 2311 376 2347 urbem
404 2310 444 2346 in
472 2309 570 2346 luco.
626 2308 751 2345 Pallas
779 2308 867 2345 huic
896 2307 993 2345 filius
1021 2319 1107 2352 una,

126 2382 203 2408 una
231 2381 366 2407 omnes
395 2370 574 2406 iuvenum
602 2368 713 2418 primi
741 2380 961 2417 pauperque
991 2375 1144 2405 senatus
1445 2383 1500 2414 105

127 2436 209 2467 tura
238 2428 388 2474 dabant,
418 2428 643 2478 tepidusque
673 2439 783 2466 cruor
810 2428 981 2467 fumabat
1009 2426 1057 2465 ad
1089 2438 1183 2465 aras.
