1669 2737
573 79 742 114 LIBER
770 79 849 115 [Π.
881 86 1045 128 341-41
1056 83 1092 126 7.

148 187 351 238 expediam
380 187 512 233 dictis;
555 187 760 237 prohibent
789 199 880 225 nam
910 193 1035 224 cetera
1064 187 1205 224 Parcae

148 248 242 285 scire
271 247 467 284 Helenum
496 247 641 297 farique
669 254 771 285 vetat
800 247 978 284 Saturnia
1007 246 1118 282 Iuno.

149 306 341 355 Principio
371 305 533 351 Italiam,
562 318 679 355 quam
708 313 747 343 tu
777 306 854 343 iam
883 317 964 342 rere
993 305 1253 354 propinquam

148 365 381 414 vicinosque,
412 365 554 414 ignare,
584 377 696 414 paras
725 364 903 402 invadere
934 371 1079 413 portus,

148 424 266 473 longa
294 425 428 474 procul
456 425 582 474 longis
611 425 670 462 via
699 424 828 462 dividit
856 425 956 460 invia
985 424 1104 461 terris.

149 485 251 521 Ante
279 490 316 521 et
346 483 543 521 Trinacria
570 483 773 521 lentandus
802 495 929 520 remus
958 483 997 519 in
1026 483 1131 520 unda

149 550 186 581 et
215 543 302 580 salis
331 543 494 580 Ausonii
523 542 760 580 lustrandum
790 543 949 579 navibus
978 554 1121 591 aequor

149 603 363 652 infernique
391 603 496 640 lacus
525 603 756 652 Aeaeaeque
785 601 909 639 insula
938 601 1084 647 Circae,

150 674 266 711 quam
294 669 375 700 tuta
403 662 530 711 possis
558 663 693 699 urbem
723 673 957 710 componere
987 667 1095 698 terra.

151 721 269 770 Signa
297 722 364 759 tibi
393 722 528 767 dicam,
559 727 600 759 tu
629 720 785 758 condita
812 728 942 757 mente
972 726 1124 757 teneto:

151 793 240 818 cum
268 781 335 818 tibi
364 781 526 818 sollicito
556 781 691 818 secreti
720 780 768 817 ad
798 779 964 816 fluminis
994 779 1139 816 undam

149 839 291 877 litoreis
318 839 454 888 ingens
482 840 636 876 inventa
664 839 735 876 sub
765 839 913 875 ilicibus
943 850 1007 875 sus

151 899 304 948 triginta
332 899 499 948 capitum
530 898 626 936 fetus
655 898 769 935 enixa
798 897 937 934 iacebit

151 958 237 995 alba
265 957 350 995 solo
379 958 579 1002 recubans,
609 957 685 994 albi
714 958 857 994 circum
887 957 1006 993 ubera
1035 956 1124 999 nati,

151 1017 183 1054 is
212 1017 321 1054 locus
349 1017 452 1053 urbis
482 1017 561 1061 erit,
591 1016 740 1065 requies
769 1028 814 1053 ea
843 1022 946 1052 certa
974 1015 1160 1052 laborum.

152 1074 237 1113 Nec
266 1082 307 1112 tu
335 1087 557 1112 mensarum
586 1087 736 1112 morsus
765 1075 943 1112 horresce
973 1074 1146 1110 futuros:

152 1135 228 1172 fata
255 1135 355 1172 viam
382 1136 577 1172 invenient
606 1135 802 1184 aderitque
832 1141 988 1172 vocatus
1018 1133 1170 1182 Apollo.

152 1195 237 1234 Has
266 1203 393 1233 autem
421 1201 540 1233 terras
570 1195 730 1244 Italique
760 1196 859 1232 hanc
889 1195 1006 1232 litoris
1038 1206 1156 1237 oram,

152 1256 330 1305 proxima
358 1267 458 1304 quae
485 1254 606 1292 nostri
634 1254 874 1303 perfunditur
902 1254 1077 1303 aequoris
1106 1258 1223 1296 aestu,

152 1315 304 1364 effuge:
335 1320 474 1352 cuncta
502 1313 612 1350 malis
640 1313 858 1350 habitantur
886 1313 1041 1349 moenia
1070 1311 1206 1349 Graiis.

154 1374 232 1412 Hic
261 1379 298 1411 et
327 1373 481 1422 Narycii
510 1379 722 1422 posuerunt
751 1373 906 1409 moenia
935 1372 1050 1409 Locri

152 1440 191 1472 et
221 1433 451 1471 Sallentinos
481 1432 633 1470 obsedit
660 1432 779 1469 milite
808 1444 968 1481 campos

153 1493 308 1543 Lyctius
339 1493 584 1538 Idomeneus,
614 1492 676 1529 hic
704 1492 766 1529 illa
795 1491 903 1529 ducis
933 1491 1117 1529 Meliboei

152 1567 270 1604 parva
299 1554 533 1591 Philoctetae
563 1553 727 1590 subnixa
756 1552 899 1590 Petelia
928 1563 1050 1589 muro.

154 1614 261 1661 Quin
288 1614 354 1651 ubi
383 1612 629 1650 transmissae
658 1612 831 1650 steterint
860 1619 963 1649 trans
993 1622 1163 1659 aequora
1193 1609 1345 1653 classes

153 1680 190 1711 et
217 1673 352 1723 positis
381 1672 455 1709 aris
483 1672 559 1709 iam
587 1678 674 1709 vota
703 1672 743 1709 in
770 1671 877 1709 litore
908 1671 1045 1716 solves,

154 1743 346 1782 purpureo
375 1731 498 1768 velare
527 1743 660 1768 comas
689 1731 894 1780 adopertus
924 1730 1075 1775 amictu,

154 1803 204 1828 ne
233 1803 310 1841 qua
337 1791 435 1828 inter
465 1796 620 1828 sanctos
648 1790 758 1839 ignes
787 1791 826 1827 in
855 1790 1003 1827 honore
1033 1789 1192 1826 deorum

153 1851 299 1888 hostilis
328 1849 444 1887 facies
472 1857 646 1887 occurrat
675 1856 713 1887 et
741 1850 872 1887 omina
900 1850 1034 1886 turbet.

155 1910 275 1948 Hunc
304 1910 398 1947 socii
425 1921 574 1946 morem
603 1922 810 1955 sacrorum,
839 1909 942 1946 hunc
972 1909 1053 1958 ipse
1083 1914 1224 1951 teneto,

154 1971 227 2008 hae
255 1970 349 2008 casti
377 1976 557 2006 maneant
586 1969 625 2006 in
654 1969 838 2018 religione
867 1976 1040 2018 nepotes.

155 2030 227 2067 Ast
253 2030 320 2067 ubi
349 2029 562 2078 digressum
593 2028 740 2066 Siculae
769 2035 805 2066 te
835 2028 1047 2065 admoverit
1077 2039 1166 2064 orae

154 2096 302 2132 ventus,
332 2094 369 2125 et
397 2089 549 2136 angusti
577 2094 770 2125 rarescent
799 2087 963 2125 claustra
992 2087 1125 2131 Pelori,

154 2148 261 2185 laeva
288 2147 355 2184 tibi
384 2147 491 2184 tellus
520 2154 557 2184 et
585 2147 704 2196 longo
734 2147 839 2184 laeva
866 2152 1043 2195 petantur

156 2219 325 2256 aequora
353 2207 521 2251 circuitu,
552 2206 728 2244 dextrum
757 2207 846 2254 fuge
876 2206 960 2242 litus
989 2211 1026 2242 et
1055 2204 1186 2242 undas.

157 2266 269 2303 Haec
298 2265 385 2304 loca
412 2266 448 2302 vi
477 2266 676 2315 quondam
705 2272 742 2303 et
770 2272 875 2301 vasta
904 2264 1085 2301 convulsa
1114 2265 1221 2300 ruina

159 2326 323 2377 (tantum
352 2326 433 2362 aevi
461 2325 675 2375 longinqua
702 2325 799 2362 valet
827 2331 973 2361 mutare
1002 2322 1186 2371 vetustas)

158 2385 366 2423 dissiluisse
395 2385 530 2430 ferunt,
560 2397 649 2422 curn
678 2385 852 2434 protinus
881 2390 1042 2433 utraque
1072 2384 1180 2421 tellus

157 2456 235 2482 una
264 2444 382 2481 foret:
422 2445 524 2481 venit
552 2444 682 2481 medio
712 2444 746 2479 vi
774 2450 917 2492 pontus
946 2450 984 2480 et
1011 2443 1122 2481 undis

1460 82 1537 126 135

1479 849 1543 879 390

1479 1145 1540 1178 395

1477 1443 1541 1472 400

1479 1741 1541 1772 405

1480 2039 1544 2068 410

1481 2336 1541 2366 415
