1669 2737
135 65 150 91 1
160 64 215 103 94
712 55 938 93 AENEIS.

131 166 220 215 Ipse
249 173 370 203 ratem
401 172 517 204 conto
549 166 688 215 subigit
718 166 885 215 velisque
915 165 1113 210 ministrat,

131 233 168 263 et
197 226 409 274 ferruginea
439 227 633 263 subvectat
663 237 826 274 corpora
852 227 1001 275 cymba,

131 286 206 321 iam
236 285 373 330 senior,
403 284 471 321 sed
501 284 617 321 cruda
645 284 718 321 deo
748 285 953 333 viridisq‘ue
983 290 1171 322 senectus.

132 343 222 381 Huc
250 344 376 380 omnis
406 343 515 379 turba
544 343 594 380 ad
621 343 724 392 ripas
753 343 876 380 effusa
904 344 1047 388 ruebat,

131 410 270 440 matres
300 411 413 451 atque
443 402 508 438 viri
539 401 793 451 defunctaque
824 414 986 451 corpora
1015 403 1090 440 vita

131 462 421 510 magnanimum
452 460 624 505 heroum,
655 462 762 510 pueri
791 461 1053 510 innuptaeque
1082 459 1230 510 puellae

131 523 377 571 impositique
407 522 510 570 rogis
539 522 699 559 iuvenes
729 529 815 559 ante
846 534 913 559 ora
941 529 1167 570 parentum:

132 597 247 634 quam
276 584 395 621 multa
423 584 463 620 in
493 583 592 620 silvis
622 584 793 621 autumni
823 583 962 632 frigore
991 584 1116 632 primo

131 645 239 693 lapsa
268 644 410 681 cadunt
438 642 539 688 folia,
569 649 633 679 aut
662 643 711 680 ad
741 650 881 680 terram
911 643 1058 691 gurgite
1088 643 1136 678 ab
1166 641 1241 678 alto

132 717 249 754 quarn
277 704 418 741 multae
447 703 708 752 glomerantur
737 716 837 749 aves,
868 704 933 740 ubi
964 703 1120 752 frigidus
1149 712 1274 739 annus

131 770 234 801 trans
264 769 428 812 pontum
457 761 566 810 fugat
596 769 633 799 et
662 763 768 800 terris
797 763 966 799 immittit
995 762 1144 810 apricis.

133 822 292 860 Stabant
321 828 474 858 orantes
503 821 615 869 primi
645 822 900 858 transmittere
931 833 1085 858 cursum

131 882 415 929 tendebantque
444 892 582 917 manus
611 881 715 928 ripae
745 880 931 916 ulterioris
961 891 1118 916 amore:

132 942 258 979 navita
288 940 356 977 sed
385 940 498 976 tristis
527 951 630 976 nunc
660 939 732 977 hos
762 952 866 976 nunc
897 938 1034 987 accipit
1064 937 1160 982 illos,

133 1008 190 1039 ast
219 1000 313 1037 alios
343 1000 459 1047 longe
490 999 691 1036 submotos
721 1006 825 1036 arcet
855 999 1009 1035 harena.

132 1063 286 1098 Aeneas
316 1058 488 1108 (miratus
518 1059 620 1095 enirn
650 1066 853 1106 motusque
883 1056 1062 1106 tumultu)

134 1119 249 1157 ‘Dic'
281 1120 341 1162 ait,
374 1121 420 1155 ‘o
449 1117 568 1165 virgo,
599 1117 691 1165 quid
720 1117 797 1153 vult
826 1128 1035 1154 concursus
1065 1115 1113 1152 ad
1142 1115 1323 1152 amnem?

134 1179 270 1229 quidve
299 1183 432 1226 petunt
461 1176 636 1213 animae?
675 1176 732 1213 vel
763 1188 840 1224 quo
871 1175 1087 1213 discrimine
1116 1175 1217 1223 ripas

133 1240 204 1276 hae
234 1239 421 1286 linquunt,
453 1236 536 1272 illae
565 1236 681 1272 remis
711 1235 808 1271 vada
836 1235 948 1272 livida
976 1232 1173 1272 verrunt?’

135 1298 211 1337 Olli
240 1298 293 1334 sic
323 1296 482 1333 breviter
512 1295 589 1332 fata
619 1302 675 1331 est
703 1292 893 1343 longaeva
922 1293 1127 1331 sacerdos:

137 1357 329 1394 ‘Anchisa
357 1362 544 1403 generate,
576 1353 692 1390 deum
723 1354 934 1390 certissima
961 1353 1100 1401 proles,

136 1417 271 1466 Cocyti
301 1423 437 1463 stagna
467 1414 541 1451 alta
569 1413 674 1450 vides
705 1413 952 1462 Stygiamque
982 1412 1172 1462 paludem,

136 1477 173 1514 di
203 1476 308 1513 cuius
337 1476 459 1511 iurare
488 1474 622 1510 timent
652 1480 688 1509 et
718 1472 846 1510 fallere
877 1484 1034 1509 numen.

136 1536 246 1573 Haec
276 1534 411 1579 omnis,
442 1544 559 1581 quam
588 1532 720 1575 cernis,
751 1532 864 1580 inops
894 1531 1169 1580 inhumataque
1198 1530 1309 1567 turba
1338 1536 1416 1575 est;

136 1596 296 1644 portitor
324 1593 383 1631 ille
413 1592 591 1635 Charon;
631 1591 680 1635 hi,
711 1602 809 1640 quos
839 1591 940 1628 vehit
970 1591 1086 1634 unda,
1117 1590 1265 1639 sepulti.

137 1655 221 1692 Nec
250 1655 350 1702 ripas
380 1652 488 1689 datur
517 1650 725 1687 horrendas
755 1656 792 1686 et
822 1662 937 1686 rauca
966 1649 1109 1686 fluenta

136 1720 390 1762 transportare
419 1711 535 1760 prius,
567 1721 684 1757 quam
715 1708 870 1745 sedibus
901 1720 991 1745 ossa
1021 1710 1209 1757 quierunt.

138 1774 303 1811 Centum
332 1778 458 1809 errant
486 1781 609 1806 annos
638 1767 871 1816 volitantque
902 1767 996 1804 haec
1026 1768 1134 1804 litora
1163 1767 1329 1811 circum;

136 1842 218 1871 tum
246 1833 401 1870 demum
431 1830 585 1868 admissi
613 1835 749 1877 stagna
779 1835 957 1876 exoptata
986 1828 1175 1865 revisunt.²

139 1892 318 1931 Constitit
345 1890 515 1927 Anchisa
544 1896 647 1925 satus
676 1893 713 1924 et
742 1887 902 1935 vestigia
930 1887 1076 1935 pressit,

137 1951 256 1987 multa
285 1957 423 1998 putans
453 1955 672 1995 sortemque
702 1946 831 1982 animo
862 1945 1061 1982 miseratus
1089 1945 1270 1994 iniquam.

139 2010 269 2047 Cernit
298 2010 349 2045 ibi
377 2014 546 2045 maestos
575 2013 612 2043 et
640 2006 772 2042 mortis
802 2005 949 2042 honore
980 2012 1152 2041 carentes

139 2069 368 2116 Leucaspim
398 2075 434 2104 et
463 2066 604 2115 Lyciae
635 2064 832 2102 ductorem
863 2064 992 2101 classis
1021 2062 1209 2107 Oronten,

140 2139 238 2176 quos
269 2126 379 2163 simul
408 2137 430 2162 a
459 2125 578 2162 Troia
605 2130 763 2160 ventosa
792 2135 858 2171 per
888 2134 1055 2171 aequora
1083 2130 1212 2158 vectos

139 2189 264 2226 obruit
294 2189 442 2232 Auster,
474 2199 573 2236 aqua
602 2185 799 2222 involvens
829 2197 1043 2233 navemque
1072 2185 1260 2232 virosque.

126 2244 135 2252 ”
192 2247 295 2285 Ecce
324 2247 555 2295 gubernator
585 2257 667 2282 sese
698 2244 896 2281 Palinurus
926 2244 1075 2292 agebat,

139 2307 202 2356 qui
233 2306 379 2353 Libyco
409 2316 529 2352 nuper
558 2316 682 2349 cursu,
714 2303 806 2340 dum
836 2302 959 2339 sidera
987 2308 1118 2347 servat,

139 2365 330 2402 exciderat
358 2364 478 2412 puppi
506 2363 641 2400 mediis
670 2362 813 2399 effusus
842 2362 881 2398 in
910 2361 1036 2398 undis.

140 2425 257 2462 Hunc
287 2425 352 2461 ubi
381 2425 441 2460 vix
471 2423 590 2460 multa
618 2430 807 2459 maestum
836 2422 1019 2471 cognovit
1046 2422 1085 2458 in
1113 2422 1259 2465 umbra,

1460 356 1522 387 305

1461 654 1524 685 310

1460 952 1522 983 315

1462 1841 1526 1871 330

1462 2134 1525 2166 335
