1669 2737
152 86 230 142 138
742 90 969 126 AENEIS.

148 213 236 239 arva
264 213 390 251 neque
419 200 616 238 Ausoniae
647 212 800 250 semper
829 200 1004 238 cedentia
1031 206 1130 237 retro

148 260 377 309 quaerenda.
434 259 612 308 Effigiem
641 260 786 297 Xanthi
817 259 1053 308 Troiamque
1084 258 1228 302 videtiS,

148 332 265 368 quam
294 326 439 356 vestrae
469 318 593 356 fecere
623 331 760 356 manus
790 318 1023 363 melioribus,
1053 323 1160 366 opto,

149 378 326 427 auspiciis
355 384 392 415 et
420 390 518 426 quae
549 377 687 415 fuerint
717 378 841 414 minus
872 377 984 413 obvia
1014 375 1150 413 Graiis.

151 437 190 474 Si
219 437 375 486 quando
405 437 594 486 Thybrim
622 437 822 484 vicinaque
852 435 1062 484 Thybridis
1092 446 1180 471 arva

150 498 289 534 intraro
318 497 499 545 gentique
527 508 636 533 meae
666 495 755 532 data
784 495 938 532 moenia
967 506 1135 537 cernam,

150 563 337 605 cognatas
366 557 481 593 urbes
510 555 601 592 olim
631 555 875 604 populosque
904 554 1143 603 propinquos

151 616 267 665 Epiro
299 616 498 665 Hesperia,
529 615 666 663 quibus
695 615 798 651 idem
828 614 1032 651 Dardanus
1061 619 1194 650 auctor

152 683 265 724 atque
295 675 397 712 idem
427 686 550 718 casus,
580 685 697 710 unam
727 673 912 711 faciemus
940 680 1142 721 utramque

152 735 312 772 Troiam
342 736 501 780 animis;
541 740 695 770 maneat
724 740 878 770 nostros
907 745 953 770 ea
982 745 1073 770 cura
1102 728 1300 780 nepotes.''

208 798 216 813 ‘
233 794 481 831 Provehimur
510 793 650 842 pelago
679 793 803 830 vicina
832 791 1023 830 Ceraunia
1051 791 1164 832 iuxta,

152 855 255 892 unde
286 855 354 891 iter
384 853 534 890 Italiam
562 865 773 902 cursusque
802 852 1044 889 brevissimus
1073 851 1195 887 undis.

154 914 220 952 Sol
248 914 320 950 ruit
348 914 492 950 interea
521 919 557 949 et
585 918 738 949 montes
767 912 991 948 umbrantur
1019 911 1141 959 opaci.

156 974 367 1011 Sternimur
396 978 551 1021 optatae
582 972 728 1020 gremio
759 971 898 1008 telluris
928 970 976 1007 ad
1004 969 1149 1007 undam

153 1033 272 1071 sortiti
300 1043 439 1076 remos,
470 1031 690 1080 passimque
721 1031 759 1066 in
788 1031 896 1067 litore
926 1030 1029 1067 sicco

154 1104 316 1141 corpora
345 1102 546 1128 curamus:
587 1089 709 1126 fessos
739 1100 856 1138 sopor
886 1089 1014 1137 irrigat
1043 1094 1155 1125 artus.

155 1151 334 1188 Necdum
365 1151 499 1187 orbern
529 1148 699 1185 medium
729 1147 821 1185 Nox
852 1147 972 1185 Horis
1001 1154 1086 1184 acta
1115 1147 1291 1184 subibat:

154 1211 257 1247 haud
287 1210 414 1258 segnis
444 1215 562 1246 strato
593 1208 713 1256 surgit
742 1207 942 1244 Palinurus
971 1213 1008 1244 et
1037 1218 1174 1243 omnes

155 1270 326 1319 explorat
355 1276 489 1305 ventos
520 1274 633 1316 atque
663 1267 814 1304 auribus
845 1271 931 1303 ae’ra
961 1271 1114 1314 captat;

154 1330 277 1366 sidera
306 1334 444 1366 cuncta
473 1333 581 1363 notat
610 1326 725 1363 tacito
755 1325 921 1362 labentia
951 1325 1070 1368 caelo,

155 1391 360 1426 Arcturum
390 1387 613 1436 pluviasque
645 1385 807 1434 Hyadas
836 1385 1091 1434 geminosque
1120 1382 1296 1427 TrIOnes‚

156 1454 421 1496 armatumque
450 1458 543 1483 auro
574 1445 833 1493 circumspicit
863 1443 1019 1481 Oriona.

156 1508 368 1557 Postquam
397 1512 535 1543 cuncta
563 1504 664 1541 videt
693 1504 800 1541 caelo
830 1510 1006 1541 constare
1037 1514 1182 1547 sereno,

157 1567 221 1605 dat
250 1567 394 1604 clarum
424 1577 444 1602 e
473 1565 594 1613 puppi
624 1565 799 1613 signum:
840 1575 913 1600 nos
942 1568 1066 1599 castra
1093 1572 1293 1605 movemus

156 1634 466 1675 temptamusque
494 1624 594 1660 viam
622 1630 659 1659 et
688 1622 858 1659 velorum
887 1622 1090 1671 pandimus
1121 1620 1209 1657 alas.

156 1686 317 1736 Iamque
345 1683 570 1720 rubescebat
599 1682 714 1719 stellis
744 1682 894 1718 Aurora
922 1681 1073 1729 fugatis,

157 1758 246 1784 cum
275 1743 408 1794 procul
436 1743 624 1779 obscuros
653 1740 769 1777 colles
799 1740 1057 1788 humilemque
1087 1738 1259 1775 videmus

158 1806 318 1842 Italiam.
376 1802 527 1839 Italiam
555 1801 700 1849 primus
728 1799 944 1837 conclamat
972 1799 1150 1843 Achates,

158 1864 308 1901 Italiam
338 1862 437 1900 laeto
468 1861 562 1898 socii
591 1860 757 1897 clamore
787 1859 963 1896 salutant.

159 1924 264 1960 Tum
292 1928 400 1971 pater
428 1919 618 1962 Anchises
646 1930 832 1967 magnum
862 1924 1006 1955 cratera
1036 1928 1181 1954 corona

158 1982 280 2020 induit
308 1980 551 2030 implevitque
579 1990 687 2015 mero
717 1977 902 2025 divosque
931 1977 1078 2013 vocavit

159 2050 263 2079 stans
292 2040 415 2089 prima
444 2039 484 2075 in
513 2038 657 2087 puppi:

160 2101 244 2138 “Di
273 2100 387 2137 maris
417 2107 454 2137 et
482 2105 604 2136 terrae
633 2102 980 2146 tempestatumque
1010 2100 1198 2144 potentes,

159 2160 252 2198 ferte
280 2160 381 2196 viam
409 2164 524 2195 vento
555 2156 703 2194 facilem
732 2163 769 2193 et
799 2155 938 2204 spirate
967 2153 1156 2191 secundi.''

159 2220 415 2257 Crebrescunt
443 2222 596 2266 optatae
625 2227 751 2261 aurae,
781 2221 991 2264 portusque
1021 2213 1182 2262 patescit

158 2280 236 2316 iam
264 2277 434 2327 propior,
464 2276 728 2324 templumque
757 2279 916 2324 apparet
944 2273 983 2309 in
1012 2283 1096 2308 arce
1127 2271 1333 2308 Minervae.

159 2337 258 2375 Vela
286 2337 418 2385 legunt
447 2335 540 2372 socii
570 2340 607 2371 et
635 2345 768 2384 proras
797 2333 847 2370 ad
876 2332 985 2369 litora
1015 2337 1201 2379 torquent.

158 2397 297 2434 Portus
326 2396 375 2432 ab
404 2393 534 2430 Euroo
564 2393 681 2430 fluctu
710 2398 886 2430 curvatus
916 2390 955 2427 in
984 2401 1125 2434 arcum,

160 2456 333 2493 obiectae
362 2453 460 2491 salsa
490 2458 670 2501 spumant
699 2451 902 2501 aspergine
932 2455 1074 2493 cautes,

1482 447 1545 478 5c0

1483 1041 1547 1073 510

1483 1336 1545 1368 515

1486 1631 1548 1664 520

1486 1928 1546 1961 525

1487 2225 1550 2257 530
