1669 2737
557 59 726 94 LIBER
755 58 812 94 II.
846 53 1058 107 341-418.
1449 65 1502 105 49

114 166 207 206 Non
236 167 348 205 aliam
377 167 428 205 ob
457 166 609 217 culpam
639 166 796 204 Baccho
826 179 940 216 caper
969 165 1149 203 omnibus
1179 166 1252 203 aris
1440 172 1505 210 380

113 227 280 266 caeditur
309 234 346 264 et
375 233 520 264 veteres
549 227 682 263 ineunt
711 227 940 275 proscaenia
968 226 1056 269 ludi,

112 288 358 337 praemiaque
388 287 428 323 in
456 294 591 336 gentes
621 299 744 336 pagos
775 293 811 323 et
840 286 1011 335 compita
1040 286 1184 323 circum

113 347 305 385 Thesidae
333 360 510 397 posuere,
541 355 654 396 atque
685 348 781 384 inter
809 347 951 396 pocula
980 347 1067 384 laeti

111 407 289 445 mollibus
317 407 355 444 in
386 407 502 456 pratis
531 413 667 444 unctos
697 407 842 444 saluere
872 419 940 455 per
968 414 1081 444 utres.

112 464 196 502 Nec
225 477 304 502 non
333 465 496 502 Ausonii
527 465 646 502 Troia
675 478 772 513 gens
801 465 918 502 missa
948 465 1075 502 coloni
1441 470 1501 510 335

111 527 280 564 versibus
309 527 517 575 incomptis
546 526 682 564 ludunt
709 527 863 576 risuque
894 526 1032 568 soluto,

111 597 252 635 oraque
281 587 484 623 corticibus
514 593 670 623 sumunt
697 585 888 623 horrenda
916 586 1069 631 cavatis,

110 653 147 683 et
175 654 223 692 te,
253 647 416 691 Bacche,
445 654 585 684 vocant
614 659 681 695 per
709 647 878 683 carmina
907 647 1016 691 laeta,
1047 646 1191 695 tibique

109 706 241 742 oscilla
269 718 317 743 ex
346 705 421 742 alta
450 706 692 755 suspendunt
720 706 851 743 mollia
880 706 984 755 pinu.

110 763 216 801 Hinc
244 764 372 802 omnis
400 765 507 813 largo
537 765 712 813 pubescit
740 765 850 801 vinea
879 764 968 809 fetu,
1439 779 1502 809 390

109 823 351 872 complentur
379 823 570 872 vallesque
601 835 715 860 cavae
744 823 937 872 saltusque
966 822 1146 872 profundi

108 887 146 918 et
173 893 417 931 quocumque
447 882 541 919 deus
570 882 713 920 circum
745 891 859 931 caput
889 883 967 930 egit
996 881 1214 920 honestum.

107 939 215 990 Ergo
243 941 312 978 rite
341 953 452 978 suum
482 941 636 979 Baccho
667 942 837 979 dicemus
866 941 1055 978 honorem

107 1000 339 1038 carminibus
368 1001 509 1050 patriis,
540 1001 747 1050 lancesque
776 1007 812 1038 et
841 1001 915 1038 liba
944 1001 1120 1045 feremus,

106 1066 144 1096 et
173 1058 308 1096 ductus
338 1072 458 1097 cornu
487 1061 601 1097 stabit
629 1072 736 1097 sacer
764 1060 891 1097 hircus
922 1060 971 1097 ad
1001 1071 1117 1104 aram,
1436 1075 1496 1106 395

105 1118 339 1168 pinguiaque
368 1118 407 1155 in
436 1120 587 1156 veribus
616 1119 846 1156 torrebimus
877 1126 965 1156 exta
995 1118 1172 1155 colurnis.

159 1176 229 1213 Est
259 1178 372 1214 etiam
400 1177 459 1214 ille
487 1177 597 1215 labor
627 1178 805 1215 curandis
834 1178 971 1214 vitibus
1002 1177 1105 1221 alter,

106 1237 166 1274 cui
195 1249 405 1286 numquam
436 1237 608 1275 exhausti
639 1238 727 1275 satis
758 1245 836 1274 est:
877 1249 1046 1286 namque
1077 1249 1191 1273 omne
1223 1236 1428 1285 quotannis

105 1302 236 1345 terque
265 1303 474 1346 quaterque
504 1297 630 1333 solum
659 1297 914 1334 scindendum
942 1297 1155 1345 glaebaque
1185 1297 1301 1333 versis

104 1362 301 1392 aeternum
331 1355 541 1405 frangenda
569 1356 798 1401 bidentibus,
830 1368 946 1393 omne
976 1356 1180 1393 levandum
1432 1371 1496 1403 400

104 1415 241 1453 fronde
270 1428 418 1453 nemus.
477 1416 593 1453 Redit
622 1417 798 1464 agricolis
826 1416 935 1453 labor
964 1424 1070 1453 actus
1099 1417 1137 1452 in
1167 1416 1313 1461 orbem,

103 1482 218 1525 atque
246 1477 285 1513 in
314 1489 354 1513 se
384 1489 452 1514 sua
482 1489 548 1525 per
576 1477 735 1525 vestigia
763 1477 921 1513 volvitur
950 1489 1085 1513 annus.

103 1535 162 1573 Ac
191 1536 267 1573 iam
297 1536 398 1581 olim,
430 1548 534 1573 seras
563 1537 693 1585 posuit
723 1548 812 1573 cum
841 1537 952 1573 vinea
981 1535 1136 1573 frondes

103 1594 260 1644 frigidus
289 1602 327 1632 et
355 1595 455 1632 silvis
483 1595 624 1644 Aquilo
656 1595 823 1632 decussit
852 1595 1054 1639 honorem,

102 1654 178 1692 iam
207 1662 288 1692 tum
316 1666 404 1692 acer
436 1667 545 1691 curas
575 1655 791 1692 venientem
821 1655 993 1692 extendit
1022 1655 1062 1691 in
1090 1667 1237 1692 annum
1432 1670 1493 1701 405

101 1715 272 1759 rusticus,
303 1720 340 1751 et
369 1725 485 1751 curvo
515 1713 668 1751 Saturni
697 1715 811 1752 dente
840 1714 1010 1751 relictam

101 1773 339 1822 persequitur
366 1773 482 1809 vitem
511 1773 715 1810 attondens
745 1773 930 1822 fingitque
959 1773 1142 1822 putando.

101 1831 250 1869 Primus
279 1832 441 1868 humum
471 1831 603 1877 fodito,
633 1833 779 1881 primus
810 1833 967 1869 devecta
997 1841 1165 1869 cremato

101 1900 303 1938 sarmenta,
333 1899 371 1930 et
399 1893 516 1930 vallos
546 1894 692 1942 primus
722 1894 792 1930 sub
821 1900 921 1931 tecta
952 1893 1110 1936 referto;

100 1961 318 2002 postremus
346 1954 490 1991 metito.
548 1954 614 1992 Bis
643 1955 781 1992 vitibus
810 1955 950 2003 ingruit
980 1954 1126 1997 umbra,
1427 1969 1490 2001 410

100 2012 157 2049 bis
187 2019 357 2061 segetem
386 2012 514 2049 densis
543 2012 741 2050 obducunt
770 2014 940 2050 sentibus
970 2013 1136 2059 herbae;

100 2071 216 2109 durus
244 2079 402 2120 uterque
431 2071 561 2109 labor:
600 2072 756 2109 laudato
786 2073 956 2121 ingentia
984 2083 1081 2115 rura,

100 2131 281 2179 exiguum
310 2131 439 2168 colito.
496 2131 580 2168 Nec
609 2143 689 2168 non
719 2131 832 2168 etiam
861 2143 996 2179 aspera
1025 2131 1125 2167 rusci

99 2190 239 2227 vimina
268 2202 336 2239 per
364 2190 497 2227 silvam
526 2197 564 2227 et
593 2191 683 2239 ripis
712 2190 870 2227 fluvialis
900 2189 1076 2226 harundo

99 2250 278 2295 caeditur,
309 2249 515 2299 incultique
546 2257 697 2288 exercet
725 2263 815 2288 cura
844 2250 974 2286 salicti.
1423 2265 1484 2295 415

98 2307 182 2345 Iam
211 2308 357 2345 vinctae
385 2309 494 2355 vites,
524 2309 600 2346 iam
630 2309 765 2346 falcem
794 2309 947 2345 arbusta
974 2315 1176 2357 reponunt,

97 2367 175 2404 iam
204 2367 306 2404 canit
333 2366 493 2405 effectos
522 2376 714 2405 extremus
743 2368 882 2405 vinitor
911 2374 1046 2404 antes:

98 2426 335 2464 sollicitanda
363 2434 490 2465 tamen
519 2428 626 2465 tellus
655 2428 852 2478 pulvisque
882 2427 1105 2474 movendus,

151 2504 236 2530 VOL.
267 2504 291 2530 1.
774 2504 798 2532 E
