1669 2737
588 71 752 107 LIBER
782 71 860 108 [Π.
892 75 1105 121 302-379·

151 183 274 233 Saepe
303 181 405 220 diem
433 188 664 231 noctemque
693 187 730 218 et
760 187 883 218 totum
913 193 960 218 ex
989 180 1124 218 ordine
1153 190 1327 216 mensem

149 243 314 292 pascitur
342 242 448 291 itque
476 254 596 291 pecus
625 242 743 290 longa
771 241 810 278 in
840 241 989 278 deserta
1017 241 1099 278 sine
1128 239 1213 277 ullis

149 301 346 350 hospitiis:
384 308 531 338 tanturn
562 301 688 350 campi
717 301 826 338 iacet.
883 299 1026 338 Omnia
1056 310 1190 337 secum

150 363 397 400 armentarius
426 361 518 399 Afer
545 362 634 411 agit,
664 368 882 411 tectumque
912 361 1106 410 laremque

149 433 329 470 armaque
358 421 687 470 Amyclaeumque
717 433 852 458 canem
882 419 1139 469 Cressamque
1170 417 1411 468 pharetram;

149 492 228 518 non
259 493 368 518 secus
397 493 442 518 ac
471 480 601 529 patriis
630 492 717 517 acer
747 479 950 517 Romanus
979 479 1017 516 in
1046 479 1160 517 armis

148 540 290 577 iniusto
319 540 390 577 sub
420 540 524 577 fasce
554 540 653 576 viam
683 551 771 576 cum
800 539 931 588 carpit,
961 545 998 576 et
1026 537 1127 576 hosti

149 604 236 636 ante
267 605 527 648 exspectatum
557 598 690 647 positis
720 604 793 634 stat
821 598 860 634 in
890 598 1044 646 agmina
1074 598 1218 637 castris.

201 659 256 696 At
284 670 363 695 non
394 670 469 708 qua
499 657 674 707 Scythiae
704 664 839 706 gentes
870 657 1115 706 Maeotiaque
1144 659 1261 704 unda,

148 717 319 755 turbidus
348 724 384 754 et
412 724 593 767 torquens
623 716 802 754 flaventes
832 716 964 753 Hister
992 716 1163 763 harenas,

149 791 300 828 quaque
329 778 424 816 redit
452 777 621 815 medium
651 777 843 826 Rhodope
873 784 1048 826 porrecta
1078 780 1148 815 sub
1178 791 1300 816 axem.

149 838 231 876 Illic
261 838 389 876 clausa
418 843 550 875 tenent
579 837 735 874 stabulis
764 843 947 882 armenta,
977 849 1103 886 neque
1132 838 1229 874 ullae

150 904 214 934 aut
242 897 382 934 herbae
412 908 552 945 campo
581 902 766 945 apparent
795 903 858 933 aut
888 897 1023 934 arbore
1053 896 1231 944 frondes;

151 957 219 995 sed
248 957 343 995 iacet
371 957 574 1006 aggeribus
603 956 723 993 niveis
752 956 926 994 informis
955 964 991 993 et
1021 956 1099 994 alto

149 1025 247 1055 terra
275 1017 362 1067 gelu
390 1017 475 1063 late,
505 1023 730 1066 septemque
760 1017 925 1065 assurgit
954 1017 992 1052 in
1021 1017 1142 1054 ulnas.

151 1077 312 1127 Semper
339 1076 500 1126 hiemps,
531 1088 684 1125 semper
713 1076 901 1125 spirantes
930 1075 1071 1124 frigora
1102 1075 1226 1113 Cauri.

150 1135 256 1174 Tum
285 1136 341 1174 sol
370 1136 555 1185 pallentes
584 1135 686 1173 haud
714 1147 897 1184 umquam
929 1135 1080 1172 discutit
1108 1137 1276 1180 umbras,

152 1209 223 1234 nec
252 1208 338 1234 cum
368 1197 540 1233 invectus
569 1196 676 1244 equis
705 1195 821 1232 altum
851 1196 943 1244 petit
973 1195 1135 1240 aethera,
1167 1208 1238 1232 nec
1268 1208 1357 1233 cum

151 1257 400 1306 praecipitem
430 1255 576 1294 Oceani
606 1257 720 1292 rubro
750 1255 838 1292 lavit
868 1267 1034 1304 aequore
1063 1267 1224 1293 currum.

152 1316 415 1354 Concrescunt
444 1315 589 1352 subitae
619 1315 781 1352 currenti
811 1315 849 1351 in
879 1314 1035 1352 flumine
1064 1322 1222 1361 crustae,

151 1375 328 1424 undaque
358 1375 434 1411 iam
462 1380 570 1423 tergo
600 1373 758 1411 ferratos
788 1374 948 1411 sustinet
976 1374 1100 1419 orbes,

152 1436 348 1485 puppibus
378 1434 439 1471 illa
468 1434 582 1483 prius,
615 1435 751 1483 patulis
780 1446 882 1472 nunc
911 1434 1064 1483 hospita
1093 1433 1289 1483 plaustris;

153 1506 315 1543 aeraque
345 1493 532 1531 dissiliunt
560 1494 686 1542 vulgo,
716 1500 916 1542 vestesque
944 1494 1138 1542 rigescunt

153 1553 319 1598 indutae,
351 1553 591 1602 caeduntque
622 1553 816 1590 securibus
845 1553 976 1590 umida
1004 1553 1101 1597 vina,

154 1621 191 1649 et
219 1620 322 1650 totae
352 1612 512 1649 solidam
541 1613 580 1649 in
609 1612 771 1660 glaciem
801 1619 944 1649 vertere
973 1611 1146 1659 lacunae,

155 1672 330 1721 stiriaque
359 1672 521 1721 impexis
549 1671 714 1708 induruit
742 1672 895 1709 horrida
924 1672 1064 1709 barbis.

155 1731 307 1768 Interea
334 1737 417 1768 toto
445 1743 526 1768 non
556 1732 672 1768 setius
701 1735 787 1768 ae're
816 1732 988 1779 ninguit:

154 1791 342 1828 intereunt
371 1790 552 1839 pecudes,
582 1795 683 1827 stant
712 1791 942 1827 circumfusa
970 1790 1114 1839 pruinis

156 1862 319 1899 corpora
345 1861 488 1898 magna
515 1850 647 1896 boum,
677 1849 929 1899 confertoque
958 1850 1112 1899 agmine
1141 1848 1240 1887 cervi

156 1915 309 1958 torpent
337 1908 441 1946 mole
471 1920 570 1945 nova
598 1916 636 1946 et
666 1909 826 1946 summis
852 1910 913 1945 vix
943 1909 1123 1946 cornibus
1153 1915 1312 1946 exstant.

156 1967 245 2005 Hos
274 1980 354 2005 non
383 1967 561 2005 immissis
591 1968 761 2013 canibus,
791 1980 872 2005 non
902 1969 1073 2005 cassibus
1103 1967 1187 2005 ullis

157 2029 390 2078 puniceaeve
420 2029 565 2077 agitant
593 2028 753 2077 pavidos
782 2027 987 2065 formidine
1016 2040 1178 2076 pennae,

158 2089 228 2127 sed
256 2089 393 2126 frustra
421 2088 643 2138 oppositum
671 2088 867 2125 trudentes
896 2095 1051 2136 pectore
1080 2094 1257 2125 montem

158 2149 374 2187 comminus
404 2149 634 2186 obtruncant
662 2146 771 2192 ferro,
802 2148 1038 2196 graviterque
1067 2146 1246 2184 rudentes

158 2208 334 2254 caedunt,
363 2214 400 2245 et
428 2219 572 2256 magno
602 2207 689 2243 laeti
719 2206 885 2243 clamore
914 2212 1120 2254 reportant.

158 2266 239 2316 Ipsi
266 2267 306 2303 in
334 2266 498 2304 defossis
528 2267 721 2316 specubus
752 2277 885 2302 secura
913 2265 984 2302 sub
1014 2265 1088 2302 alta

159 2326 236 2363 otia
263 2332 383 2374 agunt
411 2333 520 2371 terra,
550 2332 813 2373 congestaque
841 2324 981 2361 robora
1008 2330 1186 2375 totasque

159 2384 361 2422 advolvere
390 2384 486 2422 focis
513 2384 639 2422 ulmos
668 2384 825 2433 ignique
856 2383 1004 2421 dedere.

162 2443 238 2481 Hic
267 2450 422 2481 noctem
444 2443 534 2481 ludo
563 2443 719 2489 ducunt,
748 2449 785 2481 et
813 2443 953 2492 pocula
981 2442 1068 2481 laeti

1475 431 1533 464 345

1475 731 1538 763 350

1474 1031 1536 1063 355

1475 1321 1539 1360 360

1484 1922 1546 1954 370

1483 2221 1545 2251 375
