1669 2737
179 108 226 138 12

731 102 1015 139 BUCOLICA.

177 208 237 246 Sis
265 210 392 249 bonus
420 223 444 249 o
474 211 639 260 felixque
668 211 763 249 tuis!
802 225 851 250 en
882 219 1059 261 quattuor
1087 224 1192 250 aras:

175 280 264 306 ecce
294 270 389 308 duas
418 271 495 317 tibi,
526 271 694 320 Daphni,
725 272 819 309 duas
848 272 978 310 altaria
1006 272 1178 309 Phoebo.

175 326 319 364 Pocula
347 329 438 366 bina
466 341 569 367 novo
599 332 816 379 spumantia
843 331 939 369 lacte
969 331 1173 380 quotannis

175 393 414 436 craterasque
444 389 521 426 duo
551 395 713 426 statuam
740 390 807 426 tibi
835 390 988 438 pinguis
1017 390 1126 435 olivi;

175 452 212 482 et
238 446 358 483 multo
389 447 427 483 in
456 448 588 496 primis
617 448 780 485 hilarans
810 449 984 486 convivia
1012 448 1179 493 Baccho,

175 511 263 542 ante
291 505 433 551 focum,
464 507 495 543 si
523 506 642 555 frigus
672 508 751 552 erit,
782 508 813 544 si
841 508 989 554 messis,
1018 508 1057 544 in
1087 508 1221 544 umbra

174 564 262 600 vina
291 576 434 601 novum
464 564 622 602 fundam
653 565 807 603 calathis
837 567 988 603 Ariusia
1016 573 1157 604 nectar.

175 621 395 661 Cantabunt
423 623 515 661 mihi
544 624 754 662 Damoetas
783 632 819 663 et
847 625 1003 675 Lyctius
1031 627 1194 674 Aegon;

174 682 353 720 saltantes
384 683 537 732 Satyros
565 684 771 721 imitabitur
799 685 1092 734 Alphesiboeus.

175 740 286 778 Haec
316 743 382 779 tibi
412 755 564 792 semper
593 750 715 790 erunt,
746 752 782 781 et
812 756 900 781 cum
930 744 1128 781 sollemnia
1156 749 1244 780 vota

173 800 377 839 reddemus
407 801 610 851 Nymphis,
639 810 676 840 et
705 815 793 840 cum
822 803 1065 840 lustrabimus
1095 815 1219 851 agros.

174 859 278 897 Dum
307 861 395 910 iuga
422 862 565 899 montis
595 874 697 911 aper,
726 861 863 899 fluvios
893 861 984 899 dum
1013 862 1128 911 piscis
1157 860 1310 903 amabit,

175 919 341 969 dumque
370 920 502 969 thymo
532 928 735 970 pascentur
763 933 866 970 apes,
896 921 989 958 dum
1017 933 1101 958 rore
1130 920 1295 965 cicadae,

174 991 324 1027 semper
352 980 478 1017 honos
507 992 729 1030 nomenque
758 988 866 1018 tuum
893 980 1101 1029 laudesque
1129 980 1352 1017 manebunt.

173 1037 226 1074 Ut
255 1037 410 1076 Baccho
439 1039 654 1089 Cererique,
685 1040 752 1076 tibi
782 1040 834 1077 sic
864 1047 953 1076 vota
982 1039 1188 1088 quotannis

173 1098 362 1146 agricolae
392 1098 554 1145 facient;
592 1099 794 1137 damnabis
823 1106 863 1136 tu
892 1111 1047 1149 quoque
1076 1098 1182 1136 votis.

226 1156 308 1194 Mo.
338 1157 450 1204 Quae
480 1158 558 1203 tibi,
589 1170 687 1207 quae
716 1158 780 1195 tali
808 1158 967 1195 reddam
996 1170 1066 1206 pro
1096 1158 1263 1194 carmine
1293 1157 1421 1195 dona?

173 1216 275 1253 Nam
305 1229 430 1266 neque
459 1229 521 1254 me
551 1224 699 1254 tantum
730 1218 913 1254 venientis
943 1216 1073 1254 sibilus
1103 1217 1233 1253 Austri

173 1288 244 1313 nec
274 1288 454 1325 percussa
483 1277 612 1313 iuvant
640 1276 758 1314 fluctu
787 1284 865 1313 tam
894 1277 1011 1322 litora,
1042 1288 1114 1314 nec
1144 1287 1242 1325 quae

173 1347 332 1372 saxosas
362 1336 458 1372 inter
487 1336 689 1373 decurrunt
718 1336 877 1373 flumina
904 1336 1031 1373 valles.

225 1393 305 1432 Me.
336 1394 424 1432 Hac
452 1401 489 1432 te
518 1407 590 1433 nos
621 1395 742 1445 fragili
771 1396 1000 1433 donabimus
1029 1401 1116 1432 ante
1146 1395 1277 1432 cicuta.

173 1454 284 1492 Haec
314 1466 386 1491 nos
416 1454 670 1492 ‘Formosum
700 1455 883 1505 Corydon
914 1456 1070 1492 ardebat
1099 1454 1276 1500 Alexim‚’

172 1513 268 1550 haec
296 1514 433 1551 eadem
464 1515 594 1551 docuit
623 1515 774 1552 ‘cuium
802 1516 947 1563 pecus?
985 1527 1034 1551 an
1065 1513 1291 1551 Meliboei?'

225 1571 306 1610 Mo.
336 1573 388 1609 At
416 1579 456 1609 tu
486 1585 594 1610 sume
623 1574 778 1623 pedum,
809 1574 925 1622 quod,
956 1586 1018 1610 me
1047 1585 1135 1610 cum
1165 1585 1279 1621 saepe
1308 1579 1470 1622 rogaret,

172 1644 252 1668 non
281 1631 364 1668 tulit
391 1632 606 1680 Antigenes
636 1631 689 1682 (et
718 1639 797 1669 erat
825 1640 915 1670 tunc
945 1632 1083 1681 dignus
1113 1632 1260 1682 amari),

173 1690 384 1728 formosum
413 1692 568 1740 paribus
597 1692 709 1730 nodis
739 1698 851 1742 atque
881 1704 978 1738 aere,
1009 1690 1198 1728 Menalca.

660 1880 955 1923 ECLOGA
994 1881 1073 1922 VI.

173 1988 301 2026 PRIMA
332 1987 532 2037 Syracosio
562 1988 718 2038 dignata
745 1995 803 2026 est
832 1987 959 2025 ludere
988 2000 1099 2025 versu

173 2055 303 2084 nostra
331 2060 457 2097 neque
487 2048 634 2085 erubuit
665 2048 775 2085 silvas
804 2047 975 2084 habitare
1005 2047 1155 2084 Thalia.

174 2106 274 2144 Cum
304 2119 481 2144 canerem
510 2120 619 2156 reges
649 2114 685 2144 et
714 2107 870 2157 proelia,
901 2105 1088 2155 Cynthius
1118 2117 1249 2143 aurem

172 2165 272 2202 vellit
300 2172 337 2203 et
366 2166 566 2204 admonuit
581 2180 588 2204 :

634 2166 865 2211 ‘Pastorem,
897 2166 1040 2214 Tityre,
1070 2165 1233 2214 pingues

173 2237 330 2273 pascere
359 2232 510 2274 oportet
538 2238 639 2271 oves,
670 2226 877 2263 deductum
907 2225 1031 2261 dicere
1061 2221 1240 2261 carmen.’

174 2283 288 2321 Nunc
317 2296 391 2332 ego
421 2282 606 2333 (namque
636 2297 749 2333 super
777 2284 843 2321 tibi
873 2290 983 2321 erunt
1011 2283 1076 2331 qui
1106 2283 1230 2320 dicere
1259 2280 1403 2324 laudes,

173 2343 287 2385 Vare,
318 2350 401 2380 tuas
431 2344 586 2392 cupiant
615 2350 652 2380 et
681 2344 799 2380 tristia
828 2343 995 2381 condere
1023 2340 1138 2392 bella)

175 2409 364 2451 agrestem
394 2403 497 2439 tenui
525 2402 739 2440 meditabor
768 2402 980 2438 harundine
1008 2412 1170 2438 musam.

175 2462 268 2500 Non
296 2462 437 2499 iniussa
465 2473 575 2499 cano.

633 2461 673 2499 Si
701 2461 785 2511 quis
815 2469 944 2499 tamen
971 2459 1066 2498 haec
1095 2471 1262 2510 quoque,
1291 2459 1322 2497 si
1351 2458 1435 2509 quis

1524 813 1561 845 75

1521 1104 1562 1134 80

1521 1706 1563 1738 90
