1669 2737
168 65 186 93 1
193 51 246 104 58
739 58 965 95 AENEJS.

163 178 261 215 quos
291 178 365 216 ego
394 166 465 204 sim
494 167 633 205 totiens
661 168 737 206 iarn
767 167 974 218 dedignata
1003 170 1187 208 maritos?

162 225 298 263 Iliacas
326 226 439 275 igitur
467 226 606 264 classes
637 234 749 277 atque
778 228 908 266 ultima
936 228 1131 266 Teucrum

163 287 265 323 iussa
294 286 456 334 sequar?
495 286 633 334 quiane
662 287 801 324 auxilio
830 288 930 325 iuvat
959 294 1046 325 ante
1074 288 1217 325 levatos

163 354 201 384 et
229 347 328 383 bene
356 345 458 394 apud
487 357 676 383 memores
706 348 839 385 veteris
867 353 941 386 stat
968 348 1089 397 gratia
1116 348 1230 385 facti?

164 406 249 455 quis
277 416 338 441 me
367 410 506 449 autem,
537 404 595 441 fac
623 405 727 451 velle,
758 406 855 443 sinet
882 407 1069 444 ratibusve
1100 406 1271 455 superbis

162 464 323 502 invisam
353 463 537 512 accipiet?
575 464 700 501 nescis
728 464 815 511 heu,
844 465 1000 514 perdita,
1030 465 1195 502 necdum

164 523 477 561 Laomedonteae
507 524 623 561 sentis
653 525 817 573 periuria
846 526 997 573 gentis?

165 583 270 630 Quid
298 583 404 620 tum?
444 582 525 620 sola
553 583 644 632 fuga
672 591 805 621 nautas
834 585 1046 622 comitabor
1075 585 1259 622 ovantes?

163 655 213 680 an
242 641 368 691 Tyriis
397 642 578 691 omnique
608 655 723 681 manu
752 644 890 693 stipata
917 656 1091 681 meorum

164 701 301 739 inferar
329 708 377 747 et,
406 713 504 750 quos
535 700 692 738 Sidonia
720 703 782 739 vix
810 703 902 740 urbe
931 703 1066 748 revelli,

163 773 290 799 rursus
319 773 433 810 agam
461 760 600 810 pelago
631 768 668 798 et
695 762 816 799 ventis
846 762 934 800 dare
962 762 1045 800 vela
1074 763 1241 800 iubebo?

165 821 271 867 Quin
299 832 457 866 morere,
487 827 529 857 ut
557 821 689 858 merita
718 834 769 866 es,
800 821 976 870 ferroque
1005 829 1128 859 averte
1158 822 1341 859 dolorem.

165 880 229 917 Tu
258 880 421 917 lacrimis
450 881 570 917 evicta
598 881 705 926 meis,
734 887 775 917 tu
803 881 926 929 prima
954 880 1148 926 furentem,

164 951 188 976 o
218 951 412 988 germana,
439 939 548 976 malis
577 951 726 985 oneras,
756 946 870 989 atque
899 940 1032 977 obiicis
1060 940 1169 977 hosti.

166 998 256 1036 Non
284 998 387 1035 licuit
415 998 569 1035 thalami
599 1006 794 1048 expertem
825 999 905 1036 sine
935 999 1091 1036 crimine
1120 1000 1237 1036 vitam

166 1059 317 1107 degere,
348 1070 456 1095 more
484 1057 598 1104 ferae,
627 1058 719 1095 tales
749 1071 820 1096 nec
849 1066 1005 1107 tangere
1034 1060 1158 1096 curasl

165 1130 245 1154 non
275 1124 420 1155 servata
448 1117 542 1154 fides
571 1118 687 1154 cineri
717 1118 905 1166 promissa
935 1116 1139 1166 Sychaei!'

165 1177 315 1214 Tantos
343 1176 405 1213 illa
433 1188 503 1213 suo
533 1177 735 1225 rumpebat
764 1183 919 1226 pectore
949 1184 1115 1226 questus.

218 1238 372 1275 Aeneas
402 1237 501 1274 celsa
529 1238 568 1273 in
597 1237 727 1286 puppi,
757 1237 833 1273 iarn
864 1244 986 1274 certus
1016 1237 1142 1283 eundi,

165 1298 346 1346 carpebat
374 1308 533 1333 somnos
562 1297 675 1334 rebus
703 1297 779 1332 iarn
807 1296 875 1333 rite
904 1297 1054 1344 paratis.

166 1356 269 1393 Huic
298 1368 338 1393 se
368 1355 491 1392 forma
519 1355 580 1392 dei
608 1355 707 1392 vultu
739 1355 930 1392 redeuntis
959 1355 1097 1392 eodem

166 1416 300 1453 obtulit
329 1416 368 1452 in
398 1415 543 1452 somnis
573 1427 774 1464 rursusque
803 1415 853 1451 ita
881 1415 960 1452 visa
988 1426 1145 1452 monere
1175 1422 1242 1459 est,

166 1475 296 1512 omnia
325 1474 517 1511 Mercurio
548 1474 688 1520 similis,
720 1486 932 1523 vocemque
961 1473 1206 1523 coloremque

167 1542 204 1572 et
233 1535 353 1571 crines
382 1534 500 1571 flavos
529 1540 567 1571 et
595 1535 767 1571 membra
797 1534 937 1571 decora
966 1534 1139 1571 iuventa:

168 1594 290 1632 ‘Nate
319 1594 402 1638 dea,
432 1600 542 1642 potes
571 1593 646 1630 hoc
676 1594 746 1630 sub
775 1606 866 1631 casu
896 1594 1031 1631 ducere
1062 1605 1231 1637 somnos,

167 1667 238 1693 nec
268 1665 365 1703 quae
394 1660 431 1690 te
460 1654 602 1690 circum
632 1660 731 1690 stent
761 1653 897 1690 deinde
927 1653 1093 1703 pericula
1121 1653 1255 1697 cernis,

167 1716 338 1760 demens,
368 1726 440 1752 nec
470 1713 654 1763 zephyros
684 1714 791 1750 audis
820 1715 961 1763 spirare
991 1713 1205 1751 secundos?

168 1774 237 1812 Illa
266 1773 376 1810 dolos
406 1773 605 1821 dirumque
635 1773 741 1810 nefas
771 1773 809 1809 in
838 1779 993 1822 pectore
1021 1778 1152 1816 versat,

168 1841 271 1871 certa
298 1833 407 1878 mori,
436 1833 636 1881 variosque
664 1832 805 1869 irarum
834 1833 999 1869 concitat
1029 1838 1165 1868 aestus.

169 1892 261 1930 Non
290 1892 389 1940 fugis
418 1891 508 1929 hinc
537 1903 733 1940 praeceps,
764 1891 855 1928 dum
884 1891 1132 1940 praecipitare
1161 1890 1357 1939 potestas?

169 1952 252 1989 Iam
282 1963 386 1988 mare
415 1951 555 1988 turbari
584 1951 753 1988 trabibus
784 1962 990 1999 saevasque
1018 1950 1163 1987 videbis

169 2011 355 2048 collucere
385 2010 500 2054 faces,
529 2010 605 2046 iam
634 2009 775 2047 fervere
804 2010 914 2047 litora
941 2009 1116 2055 flammis,

169 2072 200 2108 si
229 2077 264 2107 te
293 2070 352 2108 his
381 2070 545 2119 attigerit
573 2070 678 2106 terris
707 2069 857 2106 Aurora
884 2076 1110 2106 morantem.

168 2129 240 2167 Eia
268 2142 352 2179 age,
382 2142 517 2180 rumpe
545 2142 685 2166 moras.
742 2129 901 2166 Varium
930 2135 968 2165 et
994 2128 1174 2165 mutabile
1203 2139 1354 2176 semper

170 2189 333 2228 femina.’
390 2189 452 2227 Sic
483 2190 580 2226 fatus
609 2189 712 2226 nocti
742 2201 782 2226 se
811 2187 1014 2225 immiscuit
1043 2194 1156 2225 atrae.

224 2249 329 2286 Turn
358 2260 447 2286 vero
476 2249 629 2285 Aeneas
658 2248 790 2285 subitis
820 2248 1015 2284 exterritus
1043 2247 1187 2283 umbris

171 2307 325 2357 corripit
353 2320 374 2344 e
404 2320 543 2345 somno
573 2319 713 2356 corpus
742 2307 944 2355 sociosque
973 2305 1125 2353 fatigat:

171 2368 425 2417 ‘Praecipites
455 2367 615 2416 vigilate.
644 2367 721 2412 viri,
753 2373 789 2403 et
818 2365 1003 2403 considite
1031 2366 1226 2412 transtris3

172 2427 302 2464 solvite
331 2427 413 2464 vela
441 2426 513 2463 citi.
571 2426 678 2464 Deus
708 2425 858 2463 aethere
887 2425 1026 2463 missus
1055 2424 1103 2461 ab
1133 2424 1208 2462 alto

1485 421 1550 453 540

1487 717 1546 749 545

1486 1013 1550 1044 550

1488 1309 1549 1340 555

1488 1597 1552 1637 560

1489 2200 1553 2232 570
