<?xml version="1.0" encoding="UTF-8"?>
<!DOCTYPE html PUBLIC "-//W3C//DTD XHTML 1.0 Transitional//EN"
    "http://www.w3.org/TR/xhtml1/DTD/xhtml1-transitional.dtd">
<html xmlns="http://www.w3.org/1999/xhtml" xml:lang="en" lang="en">
 <head>
  <title>
</title>
<meta http-equiv="Content-Type" content="text/html;charset=utf-8" />
  <meta name='ocr-system' content='tesseract 3.04.00' />
  <meta name='ocr-capabilities' content='ocr_page ocr_carea ocr_par ocr_line ocrx_word'/>
</head>
<body>
  <div class='ocr_page' id='page_1' title='image "./operavirgilwithi01virguoft_0082.png"; bbox 0 0 1669 2737; ppageno 0'>
   <div class='ocr_carea' id='block_1_1' title="bbox 176 85 1013 132">
    <p class='ocr_par' dir='ltr' id='par_1_1' title="bbox 176 85 1013 132">
     <span class='ocr_line' id='line_1_1' title="bbox 176 85 1013 132; baseline -0.002 -10"><span class='ocrx_word' id='word_1_1' title='bbox 176 93 228 132; x_wconf 90' lang='lat'>14</span> <span class='ocrx_word' id='word_1_2' title='bbox 731 85 1013 121; x_wconf 81' lang='lat' dir='ltr'><em>BUCOLJCA.</em></span> 
     </span>
    </p>
   </div>
   <div class='ocr_carea' id='block_1_2' title="bbox 171 193 1295 540">
    <p class='ocr_par' dir='ltr' id='par_1_2' title="bbox 171 193 1295 303">
     <span class='ocr_line' id='line_1_2' title="bbox 171 193 1295 244; baseline -0.001 -11"><span class='ocrx_word' id='word_1_3' title='bbox 171 203 209 233; x_wconf 91' lang='lat' dir='ltr'>at</span> <span class='ocrx_word' id='word_1_4' title='bbox 237 208 317 233; x_wconf 92' lang='lat' dir='ltr'>non</span> <span class='ocrx_word' id='word_1_5' title='bbox 344 202 422 233; x_wconf 90' lang='lat' dir='ltr'>tam</span> <span class='ocrx_word' id='word_1_6' title='bbox 453 194 570 244; x_wconf 92' lang='lat' dir='ltr'>turpis</span> <span class='ocrx_word' id='word_1_7' title='bbox 599 193 792 244; x_wconf 87' lang='lat' dir='ltr'>pecudum</span> <span class='ocrx_word' id='word_1_8' title='bbox 820 200 948 231; x_wconf 89' lang='lat' dir='ltr'>tamen</span> <span class='ocrx_word' id='word_1_9' title='bbox 977 193 1052 230; x_wconf 88' lang='lat' dir='ltr'>ulla</span> <span class='ocrx_word' id='word_1_10' title='bbox 1080 199 1210 231; x_wconf 89' lang='lat' dir='ltr'>secuta</span> <span class='ocrx_word' id='word_1_11' title='bbox 1237 199 1295 232; x_wconf 87' lang='lat' dir='ltr'>est</span> 
     </span>
     <span class='ocr_line' id='line_1_3' title="bbox 172 253 1162 303; baseline -0.003 -11"><span class='ocrx_word' id='word_1_12' title='bbox 172 255 411 300; x_wconf 83' lang='lat' dir='ltr'>concubitus,</span> <span class='ocrx_word' id='word_1_13' title='bbox 441 255 613 303; x_wconf 87' lang='lat' dir='ltr'>quamvis</span> <span class='ocrx_word' id='word_1_14' title='bbox 642 253 743 291; x_wconf 90' lang='lat' dir='ltr'>collo</span> <span class='ocrx_word' id='word_1_15' title='bbox 772 253 956 290; x_wconf 78' lang='lat' dir='ltr'>timuisset</span> <span class='ocrx_word' id='word_1_16' title='bbox 985 259 1162 299; x_wconf 85' lang='lat' dir='ltr'>aratrum,</span> 
     </span>
    </p>

    <p class='ocr_par' dir='ltr' id='par_1_3' title="bbox 172 312 1095 363">
     <span class='ocr_line' id='line_1_4' title="bbox 172 312 1095 363; baseline -0.003 -11"><span class='ocrx_word' id='word_1_17' title='bbox 172 321 208 352; x_wconf 91' lang='lat' dir='ltr'>et</span> <span class='ocrx_word' id='word_1_18' title='bbox 237 326 350 363; x_wconf 86' lang='lat' dir='ltr'>saepe</span> <span class='ocrx_word' id='word_1_19' title='bbox 379 315 418 351; x_wconf 93' lang='lat' dir='ltr'>in</span> <span class='ocrx_word' id='word_1_20' title='bbox 447 313 519 351; x_wconf 92' lang='lat' dir='ltr'>levi</span> <span class='ocrx_word' id='word_1_21' title='bbox 547 313 758 362; x_wconf 83' lang='lat' dir='ltr'>quaesisset</span> <span class='ocrx_word' id='word_1_22' title='bbox 786 324 931 350; x_wconf 89' lang='lat' dir='ltr'>cornua</span> <span class='ocrx_word' id='word_1_23' title='bbox 960 312 1095 349; x_wconf 90' lang='lat' dir='ltr'>fronte.</span> 
     </span>
    </p>

    <p class='ocr_par' dir='ltr' id='par_1_4' title="bbox 171 371 1185 422">
     <span class='ocr_line' id='line_1_5' title="bbox 171 371 1185 422; baseline -0.002 -11"><span class='ocrx_word' id='word_1_24' title='bbox 171 374 234 411; x_wconf 91' lang='lat' dir='ltr'>Ah</span> <span class='ocrx_word' id='word_1_25' title='bbox 261 374 367 422; x_wconf 87' lang='lat' dir='ltr'>virgo</span> <span class='ocrx_word' id='word_1_26' title='bbox 396 372 537 417; x_wconf 83' lang='lat' dir='ltr'>infelix,</span> <span class='ocrx_word' id='word_1_27' title='bbox 566 380 606 409; x_wconf 92' lang='lat' dir='ltr'>tu</span> <span class='ocrx_word' id='word_1_28' title='bbox 634 384 738 410; x_wconf 89' lang='lat' dir='ltr'>nunc</span> <span class='ocrx_word' id='word_1_29' title='bbox 767 372 806 409; x_wconf 89' lang='lat' dir='ltr'>in</span> <span class='ocrx_word' id='word_1_30' title='bbox 834 371 1030 409; x_wconf 89' lang='lat' dir='ltr'>montibus</span> <span class='ocrx_word' id='word_1_31' title='bbox 1059 382 1185 409; x_wconf 89' lang='lat' dir='ltr'>erras:</span> 
     </span>
    </p>

    <p class='ocr_par' dir='ltr' id='par_1_5' title="bbox 171 431 1049 480">
     <span class='ocr_line' id='line_1_6' title="bbox 171 431 1049 480; baseline -0.003 -10"><span class='ocrx_word' id='word_1_32' title='bbox 171 433 231 470; x_wconf 90' lang='lat' dir='ltr'>ille</span> <span class='ocrx_word' id='word_1_33' title='bbox 259 433 356 470; x_wconf 83' lang='lat' dir='ltr'>latus</span> <span class='ocrx_word' id='word_1_34' title='bbox 385 432 537 469; x_wconf 89' lang='lat' dir='ltr'>niveum</span> <span class='ocrx_word' id='word_1_35' title='bbox 565 431 671 468; x_wconf 90' lang='lat' dir='ltr'>molli</span> <span class='ocrx_word' id='word_1_36' title='bbox 700 431 814 468; x_wconf 89' lang='lat' dir='ltr'>fultus</span> <span class='ocrx_word' id='word_1_37' title='bbox 841 431 1049 480; x_wconf 90' lang='lat' dir='ltr'>hyacintho</span> 
     </span>
    </p>

    <p class='ocr_par' dir='ltr' id='par_1_6' title="bbox 171 490 1075 540">
     <span class='ocr_line' id='line_1_7' title="bbox 171 490 1075 540; baseline -0.002 -11"><span class='ocrx_word' id='word_1_38' title='bbox 171 493 254 530; x_wconf 86' lang='lat' dir='ltr'>ilice</span> <span class='ocrx_word' id='word_1_39' title='bbox 284 493 355 529; x_wconf 89' lang='lat' dir='ltr'>sub</span> <span class='ocrx_word' id='word_1_40' title='bbox 384 492 491 540; x_wconf 91' lang='lat' dir='ltr'>nigra</span> <span class='ocrx_word' id='word_1_41' title='bbox 520 491 705 540; x_wconf 90' lang='lat' dir='ltr'>pallentes</span> <span class='ocrx_word' id='word_1_42' title='bbox 734 491 899 528; x_wconf 85' lang='lat' dir='ltr'>ruminat</span> <span class='ocrx_word' id='word_1_43' title='bbox 927 490 1075 535; x_wconf 88' lang='lat' dir='ltr'>herbas,</span> 
     </span>
    </p>
   </div>
   <div class='ocr_carea' id='block_1_3' title="bbox 172 546 1489 599">
    <p class='ocr_par' dir='ltr' id='par_1_7' title="bbox 172 546 1489 599">
     <span class='ocr_line' id='line_1_8' title="bbox 172 546 1489 599; baseline -0.003 -11"><span class='ocrx_word' id='word_1_44' title='bbox 172 558 236 588; x_wconf 90' lang='lat' dir='ltr'>aut</span> <span class='ocrx_word' id='word_1_45' title='bbox 256 552 423 599; x_wconf 80' lang='lat' dir='ltr'>aliquam</span> <span class='ocrx_word' id='word_1_46' title='bbox 443 550 481 587; x_wconf 91' lang='lat' dir='ltr'>in</span> <span class='ocrx_word' id='word_1_47' title='bbox 501 562 645 599; x_wconf 88' lang='lat' dir='ltr'>magno</span> <span class='ocrx_word' id='word_1_48' title='bbox 667 551 836 599; x_wconf 86' lang='lat' dir='ltr'>sequitur</span> <span class='ocrx_word' id='word_1_49' title='bbox 855 562 983 599; x_wconf 84' lang='lat' dir='ltr'>grege.</span> <span class='ocrx_word' id='word_1_50' title='bbox 1039 553 1047 568; x_wconf 90' lang='lat'>‘</span> <span class='ocrx_word' id='word_1_51' title='bbox 1064 548 1250 593; x_wconf 84' lang='lat' dir='ltr'>Claudite,</span> <span class='ocrx_word' id='word_1_52' title='bbox 1272 546 1489 597; x_wconf 83' lang='lat' dir='ltr'>Nymphae,</span> 
     </span>
    </p>
   </div>
   <div class='ocr_carea' id='block_1_4' title="bbox 171 607 1388 2442">
    <p class='ocr_par' dir='ltr' id='par_1_8' title="bbox 171 607 1286 776">
     <span class='ocr_line' id='line_1_9' title="bbox 172 607 1286 659; baseline -0.003 -12"><span class='ocrx_word' id='word_1_53' title='bbox 172 610 352 647; x_wconf 86' lang='lat' dir='ltr'>Dictaeae</span> <span class='ocrx_word' id='word_1_54' title='bbox 382 608 600 659; x_wconf 83' lang='lat' dir='ltr'>Nymphae,</span> <span class='ocrx_word' id='word_1_55' title='bbox 630 621 830 646; x_wconf 88' lang='lat' dir='ltr'>nemorum</span> <span class='ocrx_word' id='word_1_56' title='bbox 860 610 937 645; x_wconf 90' lang='lat' dir='ltr'>iam</span> <span class='ocrx_word' id='word_1_57' title='bbox 966 608 1128 645; x_wconf 87' lang='lat' dir='ltr'>claudite</span> <span class='ocrx_word' id='word_1_58' title='bbox 1159 607 1286 652; x_wconf 88' lang='lat' dir='ltr'>saltus,</span> 
     </span>
     <span class='ocr_line' id='line_1_10' title="bbox 172 667 1157 719; baseline -0.003 -12"><span class='ocrx_word' id='word_1_59' title='bbox 172 670 202 707; x_wconf 89' lang='lat' dir='ltr'>si</span> <span class='ocrx_word' id='word_1_60' title='bbox 232 682 308 719; x_wconf 89' lang='lat' dir='ltr'>qua</span> <span class='ocrx_word' id='word_1_61' title='bbox 336 668 432 706; x_wconf 91' lang='lat' dir='ltr'>forte</span> <span class='ocrx_word' id='word_1_62' title='bbox 462 668 584 705; x_wconf 88' lang='lat' dir='ltr'>ferant</span> <span class='ocrx_word' id='word_1_63' title='bbox 613 668 733 705; x_wconf 93' lang='lat' dir='ltr'>oculis</span> <span class='ocrx_word' id='word_1_64' title='bbox 762 680 845 705; x_wconf 89' lang='lat' dir='ltr'>sese</span> <span class='ocrx_word' id='word_1_65' title='bbox 875 668 989 705; x_wconf 87' lang='lat' dir='ltr'>obvia</span> <span class='ocrx_word' id='word_1_66' title='bbox 1017 667 1157 704; x_wconf 81' lang='lat' dir='ltr'>nostris</span> 
     </span>
     <span class='ocr_line' id='line_1_11' title="bbox 171 727 1058 776; baseline -0.003 -10"><span class='ocrx_word' id='word_1_67' title='bbox 171 728 384 767; x_wconf 88' lang='lat' dir='ltr'>errabunda</span> <span class='ocrx_word' id='word_1_68' title='bbox 411 728 519 766; x_wconf 89' lang='lat' dir='ltr'>bovis</span> <span class='ocrx_word' id='word_1_69' title='bbox 548 728 729 776; x_wconf 89' lang='lat' dir='ltr'>vestigia;</span> <span class='ocrx_word' id='word_1_70' title='bbox 769 727 925 765; x_wconf 87' lang='lat' dir='ltr'>forsitan</span> <span class='ocrx_word' id='word_1_71' title='bbox 952 727 1058 764; x_wconf 90' lang='lat' dir='ltr'>illum</span> 
     </span>
    </p>

    <p class='ocr_par' dir='ltr' id='par_1_9' title="bbox 171 787 1243 1075">
     <span class='ocr_line' id='line_1_12' title="bbox 172 787 1193 836; baseline -0.003 -10"><span class='ocrx_word' id='word_1_72' title='bbox 172 795 235 826; x_wconf 89' lang='lat' dir='ltr'>aut</span> <span class='ocrx_word' id='word_1_73' title='bbox 263 788 382 825; x_wconf 91' lang='lat' dir='ltr'>herba</span> <span class='ocrx_word' id='word_1_74' title='bbox 411 794 565 836; x_wconf 88' lang='lat' dir='ltr'>captum</span> <span class='ocrx_word' id='word_1_75' title='bbox 593 787 699 824; x_wconf 85' lang='lat' dir='ltr'>viridi</span> <span class='ocrx_word' id='word_1_76' title='bbox 727 794 792 824; x_wconf 91' lang='lat' dir='ltr'>aut</span> <span class='ocrx_word' id='word_1_77' title='bbox 819 793 992 824; x_wconf 90' lang='lat' dir='ltr'>armenta</span> <span class='ocrx_word' id='word_1_78' title='bbox 1020 792 1193 824; x_wconf 89' lang='lat' dir='ltr'>secutum</span> 
     </span>
     <span class='ocr_line' id='line_1_13' title="bbox 171 844 1219 897; baseline -0.002 -13"><span class='ocrx_word' id='word_1_79' title='bbox 171 847 383 897; x_wconf 87' lang='lat' dir='ltr'>perducant</span> <span class='ocrx_word' id='word_1_80' title='bbox 411 847 559 895; x_wconf 84' lang='lat' dir='ltr'>aliquae</span> <span class='ocrx_word' id='word_1_81' title='bbox 588 846 736 884; x_wconf 88' lang='lat' dir='ltr'>stabula</span> <span class='ocrx_word' id='word_1_82' title='bbox 765 846 814 884; x_wconf 91' lang='lat' dir='ltr'>ad</span> <span class='ocrx_word' id='word_1_83' title='bbox 844 845 1030 895; x_wconf 86' lang='lat' dir='ltr'>Gortynia</span> <span class='ocrx_word' id='word_1_84' title='bbox 1059 844 1219 883; x_wconf 89' lang='lat' dir='ltr'>vaccae.’</span> 
     </span>
     <span class='ocr_line' id='line_1_14' title="bbox 172 905 1243 955; baseline -0.002 -12"><span class='ocrx_word' id='word_1_85' title='bbox 172 907 276 944; x_wconf 93' lang='lat' dir='ltr'>Tum</span> <span class='ocrx_word' id='word_1_86' title='bbox 307 907 407 944; x_wconf 90' lang='lat' dir='ltr'>canit</span> <span class='ocrx_word' id='word_1_87' title='bbox 436 906 697 955; x_wconf 88' lang='lat' dir='ltr'>Hesperidum</span> <span class='ocrx_word' id='word_1_88' title='bbox 725 906 899 943; x_wconf 88' lang='lat' dir='ltr'>miratam</span> <span class='ocrx_word' id='word_1_89' title='bbox 927 906 1027 942; x_wconf 86' lang='lat' dir='ltr'>mala</span> <span class='ocrx_word' id='word_1_90' title='bbox 1055 905 1243 954; x_wconf 79' lang='lat' dir='ltr'>puellam3</span> 
     </span>
     <span class='ocr_line' id='line_1_15' title="bbox 172 966 1192 1005; baseline -0.002 -2"><span class='ocrx_word' id='word_1_91' title='bbox 172 974 254 1005; x_wconf 86' lang='lat' dir='ltr'>tum</span> <span class='ocrx_word' id='word_1_92' title='bbox 282 966 609 1003; x_wconf 88' lang='lat' dir='ltr'>Phaethontiadas</span> <span class='ocrx_word' id='word_1_93' title='bbox 637 978 773 1004; x_wconf 90' lang='lat' dir='ltr'>musco</span> <span class='ocrx_word' id='word_1_94' title='bbox 802 966 1012 1003; x_wconf 89' lang='lat' dir='ltr'>circumdat</span> <span class='ocrx_word' id='word_1_95' title='bbox 1039 976 1192 1002; x_wconf 90' lang='lat' dir='ltr'>amarae</span> 
     </span>
     <span class='ocr_line' id='line_1_16' title="bbox 173 1025 1080 1075; baseline -0.003 -11"><span class='ocrx_word' id='word_1_96' title='bbox 173 1027 333 1072; x_wconf 86' lang='lat' dir='ltr'>corticis,</span> <span class='ocrx_word' id='word_1_97' title='bbox 364 1033 477 1075; x_wconf 89' lang='lat' dir='ltr'>atque</span> <span class='ocrx_word' id='word_1_98' title='bbox 507 1025 591 1063; x_wconf 94' lang='lat' dir='ltr'>solo</span> <span class='ocrx_word' id='word_1_99' title='bbox 619 1038 798 1075; x_wconf 88' lang='lat' dir='ltr'>proceras</span> <span class='ocrx_word' id='word_1_100' title='bbox 828 1026 938 1074; x_wconf 82' lang='lat' dir='ltr'>erigit</span> <span class='ocrx_word' id='word_1_101' title='bbox 960 1025 1080 1062; x_wconf 90' lang='lat' dir='ltr'>alnos.</span> 
     </span>
    </p>

    <p class='ocr_par' dir='ltr' id='par_1_10' title="bbox 172 1082 1299 1187">
     <span class='ocr_line' id='line_1_17' title="bbox 173 1082 1299 1130; baseline -0.004 -6"><span class='ocrx_word' id='word_1_102' title='bbox 173 1086 278 1124; x_wconf 91' lang='lat' dir='ltr'>Tum</span> <span class='ocrx_word' id='word_1_103' title='bbox 307 1086 419 1130; x_wconf 88' lang='lat' dir='ltr'>canit,</span> <span class='ocrx_word' id='word_1_104' title='bbox 449 1092 637 1122; x_wconf 87' lang='lat' dir='ltr'>errantem</span> <span class='ocrx_word' id='word_1_105' title='bbox 667 1085 853 1123; x_wconf 87' lang='lat' dir='ltr'>Permessi</span> <span class='ocrx_word' id='word_1_106' title='bbox 882 1085 931 1122; x_wconf 91' lang='lat' dir='ltr'>ad</span> <span class='ocrx_word' id='word_1_107' title='bbox 959 1084 1117 1120; x_wconf 60' lang='lat' dir='ltr'>flumina</span> <span class='ocrx_word' id='word_1_108' title='bbox 1147 1082 1299 1120; x_wconf 89' lang='lat' dir='ltr'>Gallum</span> 
     </span>
     <span class='ocr_line' id='line_1_18' title="bbox 172 1145 1115 1187; baseline -0.003 -4"><span class='ocrx_word' id='word_1_109' title='bbox 172 1146 306 1183; x_wconf 90' lang='lat' dir='ltr'>Aonas</span> <span class='ocrx_word' id='word_1_110' title='bbox 335 1145 373 1182; x_wconf 91' lang='lat' dir='ltr'>in</span> <span class='ocrx_word' id='word_1_111' title='bbox 402 1151 554 1182; x_wconf 91' lang='lat' dir='ltr'>montes</span> <span class='ocrx_word' id='word_1_112' title='bbox 583 1152 623 1182; x_wconf 93' lang='lat' dir='ltr'>ut</span> <span class='ocrx_word' id='word_1_113' title='bbox 652 1145 797 1182; x_wconf 88' lang='lat' dir='ltr'>duxerit</span> <span class='ocrx_word' id='word_1_114' title='bbox 826 1157 902 1181; x_wconf 90' lang='lat' dir='ltr'>una</span> <span class='ocrx_word' id='word_1_115' title='bbox 929 1155 1115 1187; x_wconf 89' lang='lat' dir='ltr'>sororum,</span> 
     </span>
    </p>

    <p class='ocr_par' dir='ltr' id='par_1_11' title="bbox 173 1203 1192 1254">
     <span class='ocr_line' id='line_1_19' title="bbox 173 1203 1192 1254; baseline -0.002 -12"><span class='ocrx_word' id='word_1_116' title='bbox 173 1212 289 1254; x_wconf 85' lang='lat' dir='ltr'>utque</span> <span class='ocrx_word' id='word_1_117' title='bbox 318 1205 397 1242; x_wconf 88' lang='lat' dir='ltr'>viro</span> <span class='ocrx_word' id='word_1_118' title='bbox 427 1204 573 1242; x_wconf 89' lang='lat' dir='ltr'>Phoebi</span> <span class='ocrx_word' id='word_1_119' title='bbox 603 1204 741 1242; x_wconf 91' lang='lat' dir='ltr'>chorus</span> <span class='ocrx_word' id='word_1_120' title='bbox 770 1204 1015 1242; x_wconf 83' lang='lat' dir='ltr'>assurrexerit</span> <span class='ocrx_word' id='word_1_121' title='bbox 1043 1203 1192 1248; x_wconf 86' lang='lat' dir='ltr'>omnis;</span> 
     </span>
    </p>

    <p class='ocr_par' dir='ltr' id='par_1_12' title="bbox 172 1264 1079 1312">
     <span class='ocr_line' id='line_1_20' title="bbox 172 1264 1079 1312; baseline -0.003 -11"><span class='ocrx_word' id='word_1_122' title='bbox 172 1272 213 1302; x_wconf 90' lang='lat' dir='ltr'>ut</span> <span class='ocrx_word' id='word_1_123' title='bbox 242 1264 362 1301; x_wconf 89' lang='lat' dir='ltr'>Linus</span> <span class='ocrx_word' id='word_1_124' title='bbox 391 1264 485 1302; x_wconf 89' lang='lat' dir='ltr'>haec</span> <span class='ocrx_word' id='word_1_125' title='bbox 515 1264 565 1301; x_wconf 88' lang='lat' dir='ltr'>illi</span> <span class='ocrx_word' id='word_1_126' title='bbox 595 1264 721 1301; x_wconf 90' lang='lat' dir='ltr'>divino</span> <span class='ocrx_word' id='word_1_127' title='bbox 751 1264 919 1301; x_wconf 88' lang='lat' dir='ltr'>carmine</span> <span class='ocrx_word' id='word_1_128' title='bbox 948 1269 1079 1312; x_wconf 90' lang='lat' dir='ltr'>pastor</span> 
     </span>
    </p>

    <p class='ocr_par' dir='ltr' id='par_1_13' title="bbox 173 1324 1087 1373">
     <span class='ocr_line' id='line_1_21' title="bbox 173 1324 1087 1373; baseline -0.003 -11"><span class='ocrx_word' id='word_1_129' title='bbox 173 1325 330 1362; x_wconf 88' lang='lat' dir='ltr'>floribus</span> <span class='ocrx_word' id='word_1_130' title='bbox 359 1330 472 1373; x_wconf 90' lang='lat' dir='ltr'>atque</span> <span class='ocrx_word' id='word_1_131' title='bbox 502 1324 590 1372; x_wconf 90' lang='lat' dir='ltr'>apio</span> <span class='ocrx_word' id='word_1_132' title='bbox 620 1324 743 1361; x_wconf 89' lang='lat' dir='ltr'>crines</span> <span class='ocrx_word' id='word_1_133' title='bbox 772 1330 926 1361; x_wconf 89' lang='lat' dir='ltr'>ornatus</span> <span class='ocrx_word' id='word_1_134' title='bbox 956 1334 1087 1359; x_wconf 90' lang='lat' dir='ltr'>amaro</span> 
     </span>
    </p>

    <p class='ocr_par' dir='ltr' id='par_1_14' title="bbox 174 1380 1335 1551">
     <span class='ocr_line' id='line_1_22' title="bbox 174 1380 1335 1430; baseline -0.004 -9"><span class='ocrx_word' id='word_1_135' title='bbox 174 1384 329 1421; x_wconf 83' lang='lat' dir='ltr'>dixerit:</span> <span class='ocrx_word' id='word_1_136' title='bbox 369 1382 480 1420; x_wconf 85' lang='lat' dir='ltr'>‘Hos</span> <span class='ocrx_word' id='word_1_137' title='bbox 509 1384 575 1420; x_wconf 90' lang='lat' dir='ltr'>tibi</span> <span class='ocrx_word' id='word_1_138' title='bbox 605 1383 696 1420; x_wconf 90' lang='lat' dir='ltr'>dant</span> <span class='ocrx_word' id='word_1_139' title='bbox 726 1383 907 1428; x_wconf 89' lang='lat' dir='ltr'>calamos,</span> <span class='ocrx_word' id='word_1_140' title='bbox 937 1394 985 1420; x_wconf 90' lang='lat' dir='ltr'>en</span> <span class='ocrx_word' id='word_1_141' title='bbox 1014 1382 1155 1430; x_wconf 89' lang='lat' dir='ltr'>accipe,</span> <span class='ocrx_word' id='word_1_142' title='bbox 1186 1380 1335 1425; x_wconf 87' lang='lat' dir='ltr'>Musae,</span> 
     </span>
     <span class='ocr_line' id='line_1_23' title="bbox 175 1441 1141 1492; baseline -0.004 -11"><span class='ocrx_word' id='word_1_143' title='bbox 175 1445 346 1481; x_wconf 90' lang='lat' dir='ltr'>Ascraeo</span> <span class='ocrx_word' id='word_1_144' title='bbox 376 1455 474 1492; x_wconf 91' lang='lat' dir='ltr'>quos</span> <span class='ocrx_word' id='word_1_145' title='bbox 499 1449 586 1480; x_wconf 90' lang='lat' dir='ltr'>ante</span> <span class='ocrx_word' id='word_1_146' title='bbox 615 1443 707 1488; x_wconf 90' lang='lat' dir='ltr'>seni,</span> <span class='ocrx_word' id='word_1_147' title='bbox 737 1443 876 1491; x_wconf 91' lang='lat' dir='ltr'>quibus</span> <span class='ocrx_word' id='word_1_148' title='bbox 904 1442 964 1479; x_wconf 90' lang='lat' dir='ltr'>ille</span> <span class='ocrx_word' id='word_1_149' title='bbox 994 1441 1141 1478; x_wconf 88' lang='lat' dir='ltr'>solebat</span> 
     </span>
     <span class='ocr_line' id='line_1_24' title="bbox 175 1502 1133 1551; baseline -0.004 -10"><span class='ocrx_word' id='word_1_150' title='bbox 175 1502 366 1541; x_wconf 89' lang='lat' dir='ltr'>cantando</span> <span class='ocrx_word' id='word_1_151' title='bbox 394 1502 535 1551; x_wconf 87' lang='lat' dir='ltr'>rigidas</span> <span class='ocrx_word' id='word_1_152' title='bbox 565 1502 754 1539; x_wconf 89' lang='lat' dir='ltr'>deducere</span> <span class='ocrx_word' id='word_1_153' title='bbox 782 1502 978 1538; x_wconf 90' lang='lat' dir='ltr'>montibus</span> <span class='ocrx_word' id='word_1_154' title='bbox 1004 1512 1133 1537; x_wconf 87' lang='lat' dir='ltr'>ornos.</span> 
     </span>
    </p>

    <p class='ocr_par' dir='ltr' id='par_1_15' title="bbox 176 1559 1041 1610">
     <span class='ocr_line' id='line_1_25' title="bbox 176 1559 1041 1610; baseline -0.003 -11"><span class='ocrx_word' id='word_1_155' title='bbox 176 1562 250 1599; x_wconf 92' lang='lat' dir='ltr'>His</span> <span class='ocrx_word' id='word_1_156' title='bbox 279 1562 344 1598; x_wconf 94' lang='lat' dir='ltr'>tibi</span> <span class='ocrx_word' id='word_1_157' title='bbox 375 1560 519 1610; x_wconf 87' lang='lat' dir='ltr'>Grynei</span> <span class='ocrx_word' id='word_1_158' title='bbox 549 1561 717 1597; x_wconf 88' lang='lat' dir='ltr'>nemoris</span> <span class='ocrx_word' id='word_1_159' title='bbox 747 1560 892 1597; x_wconf 89' lang='lat' dir='ltr'>dicatur</span> <span class='ocrx_word' id='word_1_160' title='bbox 920 1559 1041 1608; x_wconf 89' lang='lat' dir='ltr'>origo,</span> 
     </span>
    </p>

    <p class='ocr_par' dir='ltr' id='par_1_16' title="bbox 176 1618 1388 1846">
     <span class='ocr_line' id='line_1_26' title="bbox 176 1618 1186 1670; baseline -0.003 -12"><span class='ocrx_word' id='word_1_161' title='bbox 176 1634 225 1659; x_wconf 90' lang='lat' dir='ltr'>ne</span> <span class='ocrx_word' id='word_1_162' title='bbox 254 1621 340 1670; x_wconf 90' lang='lat' dir='ltr'>quis</span> <span class='ocrx_word' id='word_1_163' title='bbox 370 1621 414 1657; x_wconf 90' lang='lat' dir='ltr'>sit</span> <span class='ocrx_word' id='word_1_164' title='bbox 444 1620 560 1665; x_wconf 89' lang='lat' dir='ltr'>lucus,</span> <span class='ocrx_word' id='word_1_165' title='bbox 591 1632 669 1668; x_wconf 91' lang='lat' dir='ltr'>quo</span> <span class='ocrx_word' id='word_1_166' title='bbox 699 1632 739 1656; x_wconf 90' lang='lat' dir='ltr'>se</span> <span class='ocrx_word' id='word_1_167' title='bbox 768 1619 853 1668; x_wconf 91' lang='lat' dir='ltr'>plus</span> <span class='ocrx_word' id='word_1_168' title='bbox 882 1619 994 1656; x_wconf 86' lang='lat' dir='ltr'>iactet</span> <span class='ocrx_word' id='word_1_169' title='bbox 1023 1618 1186 1667; x_wconf 91' lang='lat' dir='ltr'>Apollo.&#39;</span> 
     </span>
     <span class='ocr_line' id='line_1_27' title="bbox 177 1677 1388 1729; baseline -0.004 -11"><span class='ocrx_word' id='word_1_170' title='bbox 177 1680 282 1727; x_wconf 88' lang='lat' dir='ltr'>Quid</span> <span class='ocrx_word' id='word_1_171' title='bbox 310 1681 454 1729; x_wconf 86' lang='lat' dir='ltr'>loquar,</span> <span class='ocrx_word' id='word_1_172' title='bbox 484 1686 548 1716; x_wconf 90' lang='lat' dir='ltr'>aut</span> <span class='ocrx_word' id='word_1_173' title='bbox 578 1678 743 1728; x_wconf 88' lang='lat' dir='ltr'>Scyllam</span> <span class='ocrx_word' id='word_1_174' title='bbox 773 1678 869 1723; x_wconf 88' lang='lat' dir='ltr'>Nisi,</span> <span class='ocrx_word' id='word_1_175' title='bbox 898 1690 1014 1726; x_wconf 90' lang='lat' dir='ltr'>quam</span> <span class='ocrx_word' id='word_1_176' title='bbox 1044 1677 1144 1714; x_wconf 86' lang='lat' dir='ltr'>fama</span> <span class='ocrx_word' id='word_1_177' title='bbox 1173 1684 1302 1714; x_wconf 91' lang='lat' dir='ltr'>secuta</span> <span class='ocrx_word' id='word_1_178' title='bbox 1331 1682 1388 1713; x_wconf 87' lang='lat' dir='ltr'>est</span> 
     </span>
     <span class='ocr_line' id='line_1_28' title="bbox 177 1737 1246 1786; baseline -0.004 -9"><span class='ocrx_word' id='word_1_179' title='bbox 177 1740 339 1777; x_wconf 87' lang='lat' dir='ltr'>candida</span> <span class='ocrx_word' id='word_1_180' title='bbox 370 1739 603 1777; x_wconf 86' lang='lat' dir='ltr'>succinctam</span> <span class='ocrx_word' id='word_1_181' title='bbox 632 1738 852 1775; x_wconf 88' lang='lat' dir='ltr'>latrantibus</span> <span class='ocrx_word' id='word_1_182' title='bbox 881 1737 1038 1786; x_wconf 82' lang='lat' dir='ltr'>inguina</span> <span class='ocrx_word' id='word_1_183' title='bbox 1067 1737 1246 1774; x_wconf 88' lang='lat' dir='ltr'>monstris</span> 
     </span>
     <span class='ocr_line' id='line_1_29' title="bbox 176 1796 1102 1846; baseline -0.005 -9"><span class='ocrx_word' id='word_1_184' title='bbox 176 1799 371 1837; x_wconf 87' lang='lat' dir='ltr'>Dulichias</span> <span class='ocrx_word' id='word_1_185' title='bbox 400 1810 558 1836; x_wconf 86' lang='lat' dir='ltr'>vexasse</span> <span class='ocrx_word' id='word_1_186' title='bbox 587 1805 686 1835; x_wconf 90' lang='lat' dir='ltr'>rates</span> <span class='ocrx_word' id='word_1_187' title='bbox 715 1805 752 1834; x_wconf 92' lang='lat' dir='ltr'>et</span> <span class='ocrx_word' id='word_1_188' title='bbox 781 1797 929 1846; x_wconf 84' lang='lat' dir='ltr'>gurgite</span> <span class='ocrx_word' id='word_1_189' title='bbox 958 1797 997 1833; x_wconf 89' lang='lat' dir='ltr'>in</span> <span class='ocrx_word' id='word_1_190' title='bbox 1027 1796 1102 1833; x_wconf 90' lang='lat' dir='ltr'>alto</span> 
     </span>
    </p>

    <p class='ocr_par' dir='ltr' id='par_1_17' title="bbox 177 1855 1220 1961">
     <span class='ocr_line' id='line_1_30' title="bbox 177 1855 1220 1896; baseline -0.003 0"><span class='ocrx_word' id='word_1_191' title='bbox 177 1859 248 1896; x_wconf 84' lang='lat' dir='ltr'>ah!</span> <span class='ocrx_word' id='word_1_192' title='bbox 288 1858 441 1895; x_wconf 92' lang='lat' dir='ltr'>timidos</span> <span class='ocrx_word' id='word_1_193' title='bbox 470 1864 605 1895; x_wconf 86' lang='lat' dir='ltr'>nautas</span> <span class='ocrx_word' id='word_1_194' title='bbox 635 1857 794 1894; x_wconf 89' lang='lat' dir='ltr'>canibus</span> <span class='ocrx_word' id='word_1_195' title='bbox 824 1856 1011 1893; x_wconf 86' lang='lat' dir='ltr'>lacerasse</span> <span class='ocrx_word' id='word_1_196' title='bbox 1039 1855 1220 1893; x_wconf 88' lang='lat' dir='ltr'>marinis:</span> 
     </span>
     <span class='ocr_line' id='line_1_31' title="bbox 178 1916 1020 1961; baseline -0.005 -6"><span class='ocrx_word' id='word_1_197' title='bbox 178 1924 241 1955; x_wconf 92' lang='lat' dir='ltr'>aut</span> <span class='ocrx_word' id='word_1_198' title='bbox 269 1925 310 1954; x_wconf 92' lang='lat' dir='ltr'>ut</span> <span class='ocrx_word' id='word_1_199' title='bbox 338 1924 505 1955; x_wconf 84' lang='lat' dir='ltr'>mutatos</span> <span class='ocrx_word' id='word_1_200' title='bbox 534 1916 648 1954; x_wconf 88' lang='lat' dir='ltr'>Terei</span> <span class='ocrx_word' id='word_1_201' title='bbox 677 1916 880 1953; x_wconf 88' lang='lat' dir='ltr'>narraverit</span> <span class='ocrx_word' id='word_1_202' title='bbox 908 1922 1020 1961; x_wconf 87' lang='lat' dir='ltr'>artus,</span> 
     </span>
    </p>

    <p class='ocr_par' dir='ltr' id='par_1_18' title="bbox 178 1973 1187 2145">
     <span class='ocr_line' id='line_1_32' title="bbox 178 1973 1187 2026; baseline -0.004 -12"><span class='ocrx_word' id='word_1_203' title='bbox 178 1989 274 2026; x_wconf 86' lang='lat' dir='ltr'>quas</span> <span class='ocrx_word' id='word_1_204' title='bbox 296 1977 349 2013; x_wconf 83' lang='lat' dir='ltr'>illi</span> <span class='ocrx_word' id='word_1_205' title='bbox 379 1977 590 2014; x_wconf 92' lang='lat' dir='ltr'>Philomela</span> <span class='ocrx_word' id='word_1_206' title='bbox 618 1976 749 2025; x_wconf 84' lang='lat' dir='ltr'>dapes,</span> <span class='ocrx_word' id='word_1_207' title='bbox 779 1988 877 2024; x_wconf 89' lang='lat' dir='ltr'>quae</span> <span class='ocrx_word' id='word_1_208' title='bbox 907 1974 1009 2012; x_wconf 91' lang='lat' dir='ltr'>dona</span> <span class='ocrx_word' id='word_1_209' title='bbox 1036 1973 1187 2022; x_wconf 90' lang='lat' dir='ltr'>pararit,</span> 
     </span>
     <span class='ocr_line' id='line_1_33' title="bbox 178 2034 1136 2085; baseline -0.005 -11"><span class='ocrx_word' id='word_1_210' title='bbox 178 2049 255 2085; x_wconf 91' lang='lat' dir='ltr'>quo</span> <span class='ocrx_word' id='word_1_211' title='bbox 285 2049 397 2074; x_wconf 89' lang='lat' dir='ltr'>cursu</span> <span class='ocrx_word' id='word_1_212' title='bbox 427 2037 574 2074; x_wconf 89' lang='lat' dir='ltr'>deserta</span> <span class='ocrx_word' id='word_1_213' title='bbox 602 2036 784 2085; x_wconf 90' lang='lat' dir='ltr'>petiverit,</span> <span class='ocrx_word' id='word_1_214' title='bbox 814 2042 852 2072; x_wconf 91' lang='lat' dir='ltr'>et</span> <span class='ocrx_word' id='word_1_215' title='bbox 881 2034 1020 2084; x_wconf 88' lang='lat' dir='ltr'>quibus</span> <span class='ocrx_word' id='word_1_216' title='bbox 1049 2040 1136 2070; x_wconf 88' lang='lat' dir='ltr'>ante</span> 
     </span>
     <span class='ocr_line' id='line_1_34' title="bbox 178 2093 1027 2145; baseline -0.001 -13"><span class='ocrx_word' id='word_1_217' title='bbox 178 2096 305 2133; x_wconf 84' lang='lat' dir='ltr'>infelix</span> <span class='ocrx_word' id='word_1_218' title='bbox 335 2108 404 2133; x_wconf 90' lang='lat' dir='ltr'>sua</span> <span class='ocrx_word' id='word_1_219' title='bbox 431 2102 532 2133; x_wconf 86' lang='lat' dir='ltr'>tecta</span> <span class='ocrx_word' id='word_1_220' title='bbox 560 2108 672 2145; x_wconf 89' lang='lat' dir='ltr'>super</span> <span class='ocrx_word' id='word_1_221' title='bbox 700 2095 907 2133; x_wconf 87' lang='lat' dir='ltr'>volitaverit</span> <span class='ocrx_word' id='word_1_222' title='bbox 935 2093 1027 2131; x_wconf 87' lang='lat' dir='ltr'>alis?</span> 
     </span>
    </p>

    <p class='ocr_par' dir='ltr' id='par_1_19' title="bbox 179 2152 1278 2263">
     <span class='ocr_line' id='line_1_35' title="bbox 179 2152 1278 2204; baseline -0.004 -12"><span class='ocrx_word' id='word_1_223' title='bbox 179 2154 333 2200; x_wconf 87' lang='lat' dir='ltr'>Omnia,</span> <span class='ocrx_word' id='word_1_224' title='bbox 365 2167 463 2203; x_wconf 90' lang='lat' dir='ltr'>quae</span> <span class='ocrx_word' id='word_1_225' title='bbox 493 2155 652 2193; x_wconf 90' lang='lat' dir='ltr'>Phoebo</span> <span class='ocrx_word' id='word_1_226' title='bbox 683 2154 880 2204; x_wconf 89' lang='lat' dir='ltr'>quondam</span> <span class='ocrx_word' id='word_1_227' title='bbox 910 2153 1115 2190; x_wconf 89' lang='lat' dir='ltr'>meditante</span> <span class='ocrx_word' id='word_1_228' title='bbox 1143 2152 1278 2189; x_wconf 90' lang='lat' dir='ltr'>beatus</span> 
     </span>
     <span class='ocr_line' id='line_1_36' title="bbox 179 2212 1061 2263; baseline -0.003 -12"><span class='ocrx_word' id='word_1_229' title='bbox 179 2214 297 2251; x_wconf 87' lang='lat' dir='ltr'>audiit</span> <span class='ocrx_word' id='word_1_230' title='bbox 324 2214 489 2252; x_wconf 87' lang='lat' dir='ltr'>Eurotas</span> <span class='ocrx_word' id='word_1_231' title='bbox 518 2215 699 2263; x_wconf 91' lang='lat' dir='ltr'>iussitque</span> <span class='ocrx_word' id='word_1_232' title='bbox 728 2214 896 2252; x_wconf 86' lang='lat' dir='ltr'>ediscere</span> <span class='ocrx_word' id='word_1_233' title='bbox 924 2212 1061 2256; x_wconf 91' lang='lat' dir='ltr'>lauros,</span> 
     </span>
    </p>

    <p class='ocr_par' dir='ltr' id='par_1_20' title="bbox 179 2270 1249 2442">
     <span class='ocr_line' id='line_1_37' title="bbox 179 2270 1144 2323; baseline -0.004 -13"><span class='ocrx_word' id='word_1_234' title='bbox 179 2273 240 2310; x_wconf 88' lang='lat' dir='ltr'>ille</span> <span class='ocrx_word' id='word_1_235' title='bbox 269 2275 370 2311; x_wconf 89' lang='lat' dir='ltr'>canit</span> <span class='ocrx_word' id='word_1_236' title='bbox 399 2274 546 2323; x_wconf 91' lang='lat' dir='ltr'>(pulsae</span> <span class='ocrx_word' id='word_1_237' title='bbox 576 2274 743 2311; x_wconf 86' lang='lat' dir='ltr'>referunt</span> <span class='ocrx_word' id='word_1_238' title='bbox 772 2273 821 2310; x_wconf 90' lang='lat' dir='ltr'>ad</span> <span class='ocrx_word' id='word_1_239' title='bbox 851 2271 973 2309; x_wconf 89' lang='lat' dir='ltr'>sidera</span> <span class='ocrx_word' id='word_1_240' title='bbox 1001 2270 1144 2319; x_wconf 85' lang='lat' dir='ltr'>valles),</span> 
     </span>
     <span class='ocr_line' id='line_1_38' title="bbox 181 2328 1249 2382; baseline -0.005 -12"><span class='ocrx_word' id='word_1_241' title='bbox 181 2345 319 2382; x_wconf 86' lang='lat' dir='ltr'>cogere</span> <span class='ocrx_word' id='word_1_242' title='bbox 349 2334 473 2370; x_wconf 92' lang='lat' dir='ltr'>donec</span> <span class='ocrx_word' id='word_1_243' title='bbox 503 2345 593 2370; x_wconf 91' lang='lat' dir='ltr'>oves</span> <span class='ocrx_word' id='word_1_244' title='bbox 623 2333 779 2370; x_wconf 89' lang='lat' dir='ltr'>stabulis</span> <span class='ocrx_word' id='word_1_245' title='bbox 809 2342 1087 2378; x_wconf 88' lang='lat' dir='ltr'>numerumque</span> <span class='ocrx_word' id='word_1_246' title='bbox 1115 2328 1249 2366; x_wconf 87' lang='lat' dir='ltr'>referre</span> 
     </span>
     <span class='ocr_line' id='line_1_39' title="bbox 181 2390 1092 2442; baseline -0.003 -12"><span class='ocrx_word' id='word_1_247' title='bbox 181 2393 285 2430; x_wconf 89' lang='lat' dir='ltr'>iussit</span> <span class='ocrx_word' id='word_1_248' title='bbox 313 2400 349 2430; x_wconf 91' lang='lat' dir='ltr'>et</span> <span class='ocrx_word' id='word_1_249' title='bbox 378 2393 494 2430; x_wconf 90' lang='lat' dir='ltr'>invito</span> <span class='ocrx_word' id='word_1_250' title='bbox 523 2393 707 2442; x_wconf 89' lang='lat' dir='ltr'>processit</span> <span class='ocrx_word' id='word_1_251' title='bbox 735 2392 884 2441; x_wconf 90' lang='lat' dir='ltr'>Vesper</span> <span class='ocrx_word' id='word_1_252' title='bbox 914 2390 1092 2440; x_wconf 89' lang='lat' dir='ltr'>Olympo.</span> 
     </span>
    </p>
   </div>
   <div class='ocr_carea' id='block_1_5' title="bbox 1519 266 1561 297">
    <p class='ocr_par' dir='ltr' id='par_1_21' title="bbox 1519 266 1561 297">
     <span class='ocr_line' id='line_1_40' title="bbox 1519 266 1561 297; baseline 0 -9"><span class='ocrx_word' id='word_1_253' title='bbox 1519 266 1561 297; x_wconf 77' lang='lat'>50</span> 
     </span>
    </p>
   </div>
   <div class='ocr_carea' id='block_1_6' title="bbox 1520 562 1558 593">
    <p class='ocr_par' dir='ltr' id='par_1_22' title="bbox 1520 562 1558 593">
     <span class='ocr_line' id='line_1_41' title="bbox 1520 562 1558 593; baseline 0 0"><span class='ocrx_word' id='word_1_254' title='bbox 1520 562 1558 593; x_wconf 82' lang='lat'>55</span> 
     </span>
    </p>
   </div>
   <div class='ocr_carea' id='block_1_7' title="bbox 1522 850 1565 880">
    <p class='ocr_par' dir='ltr' id='par_1_23' title="bbox 1522 850 1565 880">
     <span class='ocr_line' id='line_1_42' title="bbox 1522 850 1565 880; baseline -0.023 0"><span class='ocrx_word' id='word_1_255' title='bbox 1522 850 1565 880; x_wconf 77' lang='lat'>60</span> 
     </span>
    </p>
   </div>
   <div class='ocr_carea' id='block_1_8' title="bbox 1525 1451 1564 1484">
    <p class='ocr_par' dir='ltr' id='par_1_24' title="bbox 1525 1451 1564 1484">
     <span class='ocr_line' id='line_1_43' title="bbox 1525 1451 1564 1484; baseline 0 -11"><span class='ocrx_word' id='word_1_256' title='bbox 1525 1451 1564 1484; x_wconf 72' lang='lat'>70</span> 
     </span>
    </p>
   </div>
   <div class='ocr_carea' id='block_1_9' title="bbox 1525 2038 1568 2068">
    <p class='ocr_par' dir='ltr' id='par_1_25' title="bbox 1525 2038 1568 2068">
     <span class='ocr_line' id='line_1_44' title="bbox 1525 2038 1568 2068; baseline -0.047 0"><span class='ocrx_word' id='word_1_257' title='bbox 1525 2038 1568 2068; x_wconf 85' lang='lat'>80</span> 
     </span>
    </p>
   </div>
  </div>
 </body>
</html>
