1669 2737
573 57 742 93 LIBER
770 58 844 95 XI.
875 65 930 106 49
938 63 1087 108 7—574.

139 175 162 201 o
190 163 306 212 virgo,
337 169 374 202 et
401 164 540 203 nostris
568 168 805 216 nequiquam
837 168 1000 216 cingitur
1028 167 1156 212 armis,

140 234 227 260 cara
253 222 345 259 mihi
374 229 462 260 ante
491 224 593 261 alias.
652 225 792 274 Neque
822 227 927 262 enim
957 237 1080 263 novus
1110 226 1179 262 iste
1209 225 1358 263 Dianae

136 281 238 318 venit
266 293 374 318 amor
402 282 601 332 subitaque
630 284 802 321 animum
831 285 1034 322 dulcedine
1064 285 1194 321 movit.

136 339 272 377 Pulsus
301 340 353 377 ob
381 340 561 379 invidiam
589 354 710 391 regno
740 344 914 393 viresque
945 343 1129 392 superbas

136 399 317 437 Priverno
346 401 501 450 antiqua
530 401 708 439 Metabus
738 414 825 439 cum
860 403 1060 440 excederet
1089 403 1192 446 urbe,

134 459 320 497 infantem
348 459 497 509 fugiens
524 461 650 498 media
677 462 774 498 inter
792 462 948 510 -proelia
977 462 1065 499 belli

135 519 283 555 sustulit
312 518 424 555 exilio
454 520 646 565 comitem,
676 520 880 570 matrisque
910 521 1061 558 vocavit

133 577 292 614 nomine
322 576 525 615 Casmillae
554 584 698 615 mutata
727 586 832 627 parte
864 579 1076 617 Camillam.

133 635 222 685 Ipse
251 636 334 673 sinu
363 648 452 684 prae
481 648 521 673 se
549 644 707 685 portans
736 639 825 687 iuga
853 638 969 687 longa
998 640 1153 687 petebat

133 696 301 732 solorum
331 706 554 732 nemorum:
591 696 665 732 tela
692 697 861 746 undique
892 709 1004 734 saeva
1032 698 1262 746 premebant

133 761 170 791 et
198 752 428 791 circumfuso
456 754 664 791 volitabant
693 755 810 792 milite
841 755 985 793 Volsci.

132 812 234 850 Ecce
263 813 377 862 fugae
404 813 532 851 medio
562 816 719 852 summis
748 816 964 853 Amasenus
995 815 1195 853 abundans

132 872 332 921 spumabat
360 872 473 921 ripis:
513 879 639 911 tantus
668 887 707 911 se
738 876 900 912 nubibus
931 875 1052 911 imber

131 939 292 981 ruperat.
349 932 428 979 Ille,
458 933 587 971 innare
616 946 765 982 parans,
795 934 950 971 infantis
980 946 1110 971 amore

132 992 299 1030 tardatur
328 1005 493 1042 caroque
523 994 630 1030 oneri
659 995 774 1031 timet.
833 993 974 1031 Omnia
1003 1006 1133 1031 secum

131 1053 295 1090 versanti
323 1053 448 1090 subito
477 1053 536 1089 vix
565 1053 659 1090 haec
689 1053 874 1090 sententia
903 1053 1009 1090 sedit.

131 1113 272 1150 Telum
301 1113 468 1150 immane
497 1124 613 1149 manu
639 1112 759 1148 valida
789 1112 892 1161 quod
921 1112 1016 1149 forte
1046 1113 1202 1161 gerebat

131 1173 299 1218 bellator,
329 1172 492 1209 solidum
527 1171 639 1208 nodis
668 1178 704 1208 et
737 1172 873 1208 robore
903 1180 1027 1217 cocto,

131 1232 219 1269 huic
247 1238 387 1277 natam,
416 1232 511 1268 libro
539 1237 576 1268 et
604 1230 760 1267 silvestri
790 1231 924 1268 subere
954 1232 1132 1276 clausam,

130 1292 299 1341 implicat
327 1298 439 1340 atque
468 1290 633 1328 habilem
661 1290 810 1328 mediae
840 1291 1073 1340 circumligat
1102 1292 1231 1329 hastae
1247 1306 1257 1339 3

131 1363 248 1400 quam
276 1351 406 1388 dextra
434 1350 578 1399 ingenti
606 1350 747 1387 librans
776 1350 825 1386 ita
854 1350 901 1387 ad
931 1350 1082 1387 aethera
1111 1350 1228 1387 fatur:

132 1414 154 1429 “
168 1410 292 1452 Alma,
322 1410 388 1446 tibi
417 1409 526 1455 hanc,
556 1420 755 1446 nemorum
785 1409 927 1453 cultrix,
957 1408 1118 1445 Latonia
1147 1409 1265 1457 virgo,

131 1470 212 1518 ipse
240 1475 348 1518 pater
375 1468 556 1505 famulam
583 1479 726 1505 voveo:
766 1474 829 1504 tua
858 1468 979 1517 prima
1008 1480 1074 1516 per
1104 1480 1214 1505 auras

131 1528 205 1565 tela
233 1534 367 1565 tenens
397 1528 556 1576 supplex
585 1527 735 1564 hostem
765 1527 870 1575 fugit.
927 1528 1082 1575 Accipe,
1113 1534 1240 1573 testor,

131 1588 217 1624 diva
245 1594 360 1632 tuam,
391 1598 489 1636 quae
517 1599 620 1624 nunc
650 1586 773 1623 dubiis
803 1586 1049 1623 committitur
1079 1587 1228 1644 auris.)

130 1646 246 1692 Dixit,
276 1652 314 1683 et
342 1645 508 1683 adducto
538 1652 756 1682 contortum
786 1645 918 1682 hastile
947 1645 1088 1682 lacerto

129 1705 317 1742 immittit:
360 1717 520 1743 sonuere
549 1705 687 1750 undae,
717 1705 892 1753 rapidum
923 1717 1035 1754 super
1065 1717 1219 1743 amnem

129 1764 256 1802 infelix
283 1764 380 1813 fugit
407 1765 446 1801 in
473 1764 597 1801 iaculo
627 1764 809 1802 stridente
839 1763 1011 1802 Camilla.

128 1825 184 1861 At
213 1823 404 1868 Metabus,
433 1835 574 1872 magna
600 1824 759 1872 propius
788 1823 864 1860 iam
892 1830 1050 1872 urgente
1081 1831 1239 1868 caterva,

131 1883 195 1920 dat
224 1895 307 1920 sese
336 1882 449 1920 fluvio
479 1891 592 1931 atque
622 1883 770 1920 hastam
799 1895 888 1920 eum
916 1884 1061 1931 virgine
1091 1884 1210 1920 victor

130 1941 326 1990 gramineo
356 1941 500 1978 donum
531 1942 683 1979 Triviae
713 1942 760 1979 de
790 1942 955 1990 caespite
985 1941 1098 1978 vellit.

130 2000 224 2037 Non
251 1999 355 2036 illum
384 2001 491 2037 tectis
520 2000 628 2045 ullae,
659 2012 738 2037 non
767 2000 969 2037 moenibus
999 2000 1112 2037 urbes

131 2070 312 2107 accepere
342 2071 465 2108 neque
495 2060 577 2108 ipse
605 2072 742 2096 manus
770 2060 914 2096 feritate
944 2059 1134 2098 dedisset:

130 2123 328 2167 pastorum
357 2125 394 2155 et
423 2118 512 2156 solis
540 2120 667 2167 exegit
695 2119 889 2155 montibus
918 2130 1065 2157 aevum.

132 2177 209 2214 Hic
237 2183 366 2213 natam
393 2177 432 2213 in
460 2176 586 2215 dumis
613 2178 784 2226 interque
813 2178 1005 2215 horrentia
1032 2179 1147 2217 lustra

131 2235 347 2273 armentalis
376 2247 496 2285 equae
525 2236 704 2273 mammis
733 2243 769 2272 et
797 2236 894 2275 lacte
923 2236 1043 2276 ferino

132 2296 308 2338 nutribat,
337 2295 474 2332 teneris
502 2295 730 2343 immulgens
757 2296 874 2333 ubera
902 2297 1025 2335 labris.

132 2354 262 2403 thue
291 2354 434 2403 pedum
460 2354 591 2402 primis
620 2353 745 2392 infans
773 2356 928 2404 vestigia
956 2357 1093 2405 plantis

132 2414 326 2459 institerat,
356 2412 479 2450 iaculo
508 2412 655 2463 palmas
685 2416 840 2452 armavit
870 2423 981 2454 acuto

1443 68 1522 111 311

1458 419 1521 450 540

1456 713 1516 744 545

1451 1009 1514 1041 550

1448 1306 1510 1338 555

1447 1592 1510 1633 560

1447 1887 1507 1929 565
