1669 2737
567 84 734 119 LIBER
771 85 854 121 VII.
887 79 1069 132 67-144.
1428 88 1509 131 213

127 195 324 244 gramineo
352 195 455 244 ripae
484 193 655 242 religavit
684 194 732 230 ab
762 205 901 242 aggere
932 192 1105 230 classem.

180 254 332 291 Aeneas
361 252 548 301 primique
578 252 696 289 duces
725 258 762 288 et
791 251 948 301 pulcher
979 251 1083 288 Iulus

127 324 289 363 corpora
319 312 389 349 sub
417 312 533 348 ramis
564 311 762 360 deponunt
791 311 936 348 arboris
965 310 1062 347 altae

127 373 401 420 instituuntque
430 370 551 420 dapes
580 377 617 408 et
645 370 785 407 adorea
813 370 889 406 liba
917 381 984 418 per
1012 369 1171 406 herbam

128 431 329 468 subiiciunt
357 430 478 479 epulis
508 428 579 479 (sic
608 428 778 478 Iuppiter
807 429 889 478 ipse
918 427 1130 478 monebat),
1454 440 1513 463 110

128 497 166 528 et
194 488 351 527 Cereale
380 489 504 526 solum
534 489 660 538 pomis
690 489 900 538 agrestibus
930 494 1082 536 augent.

130 549 380 597 Consumptis
409 548 470 585 hic
500 548 596 585 sorte
626 547 706 585 aliis
735 557 775 585 ut
804 555 946 585 vertere
976 558 1126 584 morsus

129 611 306 658 exiguam
335 609 374 645 in
404 608 585 646 Cererem
612 608 771 656 penuria
801 607 928 656 adegit
957 606 1097 644 edendi

129 676 166 706 et
193 668 331 705 violare
362 679 479 704 manu
508 666 692 714 malisque
723 666 931 703 audacibus
960 666 1094 703 orbem

129 728 251 766 fatalis
281 729 405 772 crusti,
435 727 575 776 patulis
605 739 676 764 nec
706 738 861 775 parcere
891 726 1068 775 quadris:
1454 737 1511 768 115

131 788 275 833 ‘Heus,
306 787 421 824 etiam
451 798 605 823 mensas
636 786 919 823 consumimus’
951 786 1071 833 inquit
1100 784 1215 829 Iulus,

129 859 201 885 nec
229 847 338 896 plura
367 845 550 883 alludens.
607 844 666 882 Ea
694 857 769 882 vox
801 845 927 882 audita
956 844 1131 880 laborum

129 906 252 955 prima
280 905 362 942 tulit
390 905 519 950 finem,
551 905 789 953 primamque
819 904 1010 952 loquentis
1040 904 1088 939 ab
1119 914 1185 939 ore

130 965 264 1014 eripuit
292 971 399 1013 pater
427 976 473 1001 ac
503 963 737 1012 stupefactus
767 964 922 1000 numine
953 962 1098 1012 pressit.

131 1024 327 1063 Continuo
360 1023 490 1060 ‘Salve
519 1023 606 1060 fatis
635 1021 726 1059 mihi
757 1022 882 1059 debita
912 1022 1020 1058 tellus
1456 1035 1514 1056 120

130 1083 297 1133 vosque’
328 1083 390 1128 ait,
422 1085 469 1119 ‘o
498 1081 563 1119 fidi
593 1081 735 1118 Troiae
765 1082 904 1118 salvete
933 1081 1122 1118 Penates:

130 1145 191 1182 hic
221 1144 373 1188 domus,
402 1143 497 1179 haec
527 1143 647 1191 patria
675 1149 744 1178 est.
803 1140 962 1178 Genitor
991 1140 1083 1177 mihi
1112 1139 1200 1176 talia
1229 1150 1395 1188 namque

133 1204 254 1254 (nunc
283 1200 430 1251 repeto)
461 1201 648 1238 Anchises
677 1200 841 1237 fatorum
875 1212 1012 1237 arcana
1041 1199 1211 1247 reliquit:

131 1276 220 1301 cum
248 1269 297 1307 te,
327 1269 425 1307 nate,
457 1261 578 1298 fames
607 1262 741 1309 ignota
769 1259 817 1296 ad
846 1259 955 1296 litora
985 1267 1137 1296 vectum

131 1323 264 1360 accisis
293 1328 406 1369 coget
435 1320 594 1368 dapibus
625 1331 851 1356 consumere
881 1330 1047 1363 mensas,
1455 1332 1511 1363 125

132 1391 213 1420 turn
242 1393 393 1431 sperare
423 1380 561 1417 domos
591 1378 761 1415 defessus
791 1379 918 1426 ibique
949 1384 1144 1414 memento

132 1443 255 1491 prima
283 1441 408 1478 locare
437 1451 555 1476 manu
583 1438 781 1486 molirique
810 1449 949 1485 aggere
978 1444 1086 1474 tecta.

133 1502 243 1539 Haec
272 1507 351 1538 erat
378 1498 440 1535 illa
468 1498 611 1543 fames;
651 1496 745 1534 haec
775 1508 847 1534 nos
877 1508 1053 1546 suprema
1083 1496 1272 1541 manebat,

133 1561 254 1598 exitiis
284 1559 454 1608 positura
483 1557 656 1594 modum.

133 1619 264 1665 Quare
293 1618 392 1666 agite
422 1627 458 1653 et
487 1616 610 1665 primo
641 1615 726 1653 laeti
755 1627 843 1653 cum
872 1615 1013 1652 lumine
1043 1615 1133 1652 solis
1456 1629 1514 1658 130

133 1691 230 1729 quae
261 1679 357 1724 loca,
388 1677 499 1726 quive
528 1676 694 1712 habeant
723 1675 910 1720 homines,
940 1676 1005 1712 ubi
1034 1674 1187 1712 moenia
1216 1673 1352 1722 gentis,

132 1739 360 1788 vestigemus
389 1744 425 1774 et
454 1749 476 1774 a
505 1743 618 1786 portu
647 1735 795 1772 diversa
824 1742 1010 1784 petamus.

133 1798 248 1836 Nunc
277 1803 425 1847 pateras
452 1795 566 1832 libate
595 1794 677 1832 Iovi
707 1795 961 1843 precibusque
990 1801 1124 1831 vocate

132 1858 329 1896 Anchisen
357 1857 571 1906 genitorem
603 1862 639 1892 et
667 1855 753 1891 vina
781 1855 954 1903 reponite
982 1853 1146 1891 mensis?

134 1918 197 1956 Sic
226 1917 364 1954 deinde
393 1916 528 1953 effatus
557 1914 749 1951 frondenti
779 1921 951 1962 tempora
980 1926 1087 1950 ramo
1456 1926 1513 1957 155

133 1977 301 2026 implicat
328 1983 366 2014 et
395 1975 639 2024 Geniumque
669 1974 742 2011 loci
772 1974 1011 2023 primamque
1042 1973 1200 2010 deorum

134 2036 327 2074 Tellurem
357 2034 634 2085 Nymphasque
664 2041 701 2071 et
731 2033 855 2070 adhuc
884 2033 1015 2080 ignota
1045 2038 1220 2080 precatur

133 2097 303 2142 flumina,
332 2103 412 2132 tum
442 2095 610 2132 Noctem
639 2094 852 2142 Noctisque
881 2093 1041 2129 orientia
1070 2092 1180 2140 signa

133 2157 371 2205 Idaeumque
400 2154 534 2191 Iovem
562 2153 843 2202 Phrygiamque
873 2164 920 2189 ex
949 2152 1082 2188 ordine
1112 2158 1275 2188 matrem

134 2217 287 2253 invocat
315 2221 352 2251 et
380 2213 549 2262 duplices
577 2213 758 2261 caeloque
788 2212 992 2260 Ereboque
1021 2218 1208 2260 parentes.
1458 2224 1517 2254 140

135 2274 211 2311 His
239 2273 351 2310 Pater
379 2273 626 2321 omnipotens
655 2279 710 2308 ter
740 2271 844 2308 caelo
875 2270 996 2307 clarus
1025 2270 1074 2306 ab
1103 2269 1178 2306 alto

134 2333 300 2371 intonuit
327 2332 518 2381 radiisque
548 2331 743 2368 ardentem
772 2330 864 2366 lucis
894 2337 929 2365 et
959 2340 1050 2365 auro

134 2394 217 2442 ipse
245 2403 364 2428 manu
393 2391 566 2440 quatiens
597 2388 763 2426 ostendit
792 2389 840 2425 ab
871 2387 1020 2425 aethere
1050 2388 1202 2424 nubem.

134 2451 286 2489 Diditur
314 2449 374 2487 hic
404 2450 530 2487 subito
561 2448 731 2486 Troiana
760 2459 826 2497 per
856 2447 1011 2496 agmina
1038 2457 1167 2483 rumor
