1669 2737
560 99 730 135 LIBER
759 99 816 135 II.
850 94 1031 148 29-106.

102 209 266 249 nascitur
294 216 332 248 et
361 221 472 248 casus
503 209 610 247 abies
640 209 764 247 visura
793 208 972 247 marinos.

154 270 336 308 Inseritur
363 281 452 307 vero
482 275 518 307 et
549 269 626 306 fetu
655 270 764 307 nucis
794 269 947 306 arbutus
976 268 1142 316 horrida,

101 336 139 367 et
167 329 310 367 steriles
338 328 481 378 platani
510 329 633 366 malos
662 340 816 377 gessere
846 327 1040 374 valentes;

102 394 302 425 castaneae
331 388 451 437 fagus,
483 382 677 437 ornusque
707 388 875 424 incanuit
905 387 992 424 albo

102 447 195 484 flore
224 447 305 496 piri,
335 446 594 495 glandemque
624 458 711 483 sues
741 446 886 494 fregere
915 446 985 483 sub
1016 446 1139 484 ulmis.

101 505 186 543 Nec
214 506 354 543 modus
383 506 546 543 inserere
576 512 689 555 atque
720 504 853 543 oculos
882 505 1080 554 imponere
1112 503 1285 553 simplex.

101 563 203 602 Nam
234 577 309 614 qua
338 576 380 602 se
407 565 538 602 medio
567 565 722 602 trudunt
752 564 799 602 de
829 565 968 602 cortice
998 576 1178 613 gemmae

101 630 139 660 et
166 630 300 661 tenues
329 630 510 673 rumpunt
539 624 699 669 tunicas,
730 630 915 672 angustus
944 623 981 660 in
1012 624 1097 672 ipso

101 682 142 719 fit
170 683 277 720 nodo
307 683 434 720 sinus:
472 682 546 720 huc
575 682 699 720 aliena
730 695 776 720 ex
807 683 942 719 arbore
973 694 1131 732 germen

100 742 298 779 includunt
326 742 482 792 udoque
513 743 654 780 docent
683 742 892 779 inolescere
922 741 1043 779 libro:

101 807 168 838 aut
195 813 344 838 rursum
375 801 521 838 enodes
550 801 671 838 trunci
701 807 930 845 resecantur,
960 806 997 837 et
1026 800 1099 839 alte

101 860 255 898 finditur
283 860 324 897 in
353 860 517 898 solidum
547 861 679 898 cuneis
707 861 778 906 via,
809 860 949 897 deinde
979 859 1122 897 feraces

101 919 252 969 plantae
281 919 558 957 immittuntur:
598 932 670 957 nec
698 919 858 968 longum
887 926 1052 968 tempus,
1082 926 1119 956 et
1149 920 1287 968 ingens

100 978 191 1016 exiit
219 979 269 1017 ad
298 979 446 1016 caelum
474 979 589 1016 ramis
618 979 790 1016 felicibus
819 979 931 1016 arbos

99 1037 332 1088 miraturque
361 1049 482 1076 novas
511 1038 666 1076 frondes
696 1045 733 1075 et
762 1050 842 1075 non
873 1050 941 1076 sua
970 1050 1098 1088 poma.

153 1096 353 1135 Praeterea
381 1109 505 1147 genus
534 1097 636 1135 haud
665 1109 785 1133 unum
816 1109 888 1135 nec
917 1097 1079 1135 fortibus
1108 1097 1221 1136 ulmis

100 1170 173 1196 nec
203 1158 307 1196 salici
336 1157 491 1207 lotoque
521 1170 646 1207 neque
678 1156 804 1194 Idaeis
835 1158 1048 1207 cyparissis,

100 1229 173 1255 nec
201 1217 365 1266 pingues
393 1229 511 1254 unam
540 1217 579 1253 in
609 1217 747 1254 faciem
777 1224 988 1254 nascuntur
1017 1217 1150 1263 olivae,

101 1275 287 1314 orchades
316 1282 353 1314 et
382 1276 477 1313 radii
506 1282 542 1313 et
572 1287 703 1313 amara
732 1275 866 1324 pausia
894 1277 999 1323 baca,

100 1347 294 1385 pomaque
323 1342 359 1373 et
387 1335 539 1372 Alcinoi
569 1335 695 1381 silvae,
726 1347 798 1372 nec
828 1335 997 1372 surculus
1027 1335 1129 1372 idem

102 1394 330 1435 Crustumiis
360 1394 551 1444 Syriisque
580 1394 669 1443 piris
697 1394 952 1443 gravibusque
981 1394 1174 1432 volaemis.

101 1453 194 1491 Non
223 1454 358 1492 eadem
388 1454 584 1491 arboribus
613 1453 756 1503 pendet
783 1445 1155 1500 vindemianostris,

101 1526 217 1564 quam
247 1514 524 1564 Methymnaeo
554 1514 674 1562 carpit
703 1513 750 1550 de
779 1513 933 1562 palmite
963 1513 1112 1551 Lesbos
1127 1526 1139 1560 ;

101 1580 190 1611 sunt
218 1573 386 1610 Thasiae
415 1574 520 1618 vites,
551 1579 638 1609 sunt
667 1579 704 1609 et
733 1571 967 1610 Mareotides
997 1572 1119 1618 albae,

101 1633 309 1683 pinguibus
338 1633 411 1671 hae
440 1633 547 1670 terris
575 1631 730 1678 habiles,
762 1632 964 1670 levioribus
993 1632 1088 1674 illae,

102 1700 139 1730 et
166 1704 284 1742 passo
313 1692 454 1742 psithia
481 1691 604 1729 utilior
633 1692 835 1740 tenuisque
865 1692 997 1740 lageos

102 1760 333 1802 temptatura
361 1753 480 1802 pedes
510 1752 601 1789 olim
630 1753 877 1801 vincturaque
906 1752 1089 1801 linguam,

103 1824 313 1862 purpureae
342 1812 583 1862 preciaeque,
614 1818 651 1849 et
680 1823 756 1861 quo
787 1818 823 1849 te
853 1812 1021 1849 carmine
1053 1812 1190 1857 dicam,

104 1871 314 1909 Rhaetica?
372 1871 457 1909 Nec
486 1871 590 1909 cellis
619 1871 706 1908 ideo
737 1870 927 1908 contende
956 1871 1137 1908 Falernis.

105 1930 201 1968 Sunt
229 1937 265 1968 et
293 1930 482 1968 Amineae
510 1931 615 1975 vites,
647 1930 865 1967 firmissima
894 1930 992 1973 vina,

105 1989 282 2027 Tmolius
311 1990 474 2039 assurgit
503 1990 640 2039 quibus
669 1995 706 2026 et
735 2001 800 2026 rex
830 1989 912 2038 ipse
942 1988 1169 2035 Phanaeus;

104 2049 323 2098 Argitisque
351 2050 491 2094 minor,
522 2049 582 2087 cui
612 2060 692 2086 non
722 2049 918 2086 certaverit
946 2048 1021 2085 ulla

105 2115 171 2145 aut
198 2115 347 2146 tantum
375 2108 491 2146 fluere
520 2115 585 2145 aut
613 2107 773 2145 totidem
805 2108 939 2145 durare
968 2119 1035 2157 per
1064 2118 1199 2144 annos.

105 2167 198 2205 Non
226 2179 301 2216 ego
328 2174 376 2213 te,
407 2167 464 2204 dis
493 2174 530 2205 et
558 2167 702 2204 mensis
732 2173 891 2215 accepta
920 2166 1110 2212 secundis,

105 2227 328 2272 transierim,
358 2226 525 2273 Rhodia,
555 2234 592 2264 et
621 2227 788 2270 tumidis,
818 2227 1006 2272 bumaste,
1036 2225 1210 2263 racemis.

107 2285 184 2323 Sed
212 2298 338 2336 neque
367 2298 484 2336 quam
512 2286 654 2323 multae
685 2286 843 2334 species,
873 2297 946 2322 nec
976 2285 1135 2322 nomina
1165 2297 1263 2334 quae
1294 2285 1377 2330 sint,

107 2352 163 2383 est
191 2357 396 2383 numerus:
434 2358 559 2394 neque
589 2345 692 2382 enim
722 2356 883 2382 numero
914 2345 1192 2393 comprendere
1222 2343 1356 2390 refert3

107 2417 222 2454 quem
251 2404 315 2454 qui
344 2404 440 2442 scire
467 2405 566 2450 velit,
596 2403 730 2452 Libyci
758 2403 847 2440 velit
875 2404 1051 2452 aequoris
1081 2403 1183 2440 idem

109 2464 253 2502 discere
282 2475 399 2514 quam
428 2463 568 2501 multae
600 2463 773 2513 Zephyro
803 2462 1000 2500 turbentur
1028 2462 1208 2509 harenae,

1439 105 1487 142 41

1451 922 1493 953 80

1451 1526 1495 1559 90

1453 1824 1493 1857 95

1437 2120 1496 2143 100

1437 2416 1496 2448 105
