1669 2737
175 77 226 118 72
718 70 1004 108 GEORGJCA.

173 180 276 228 eripe
292 192 303 226 3
341 191 420 217 non
450 179 519 217 illis
549 178 750 229 quisquam
783 180 1051 216 cunctantibus
1081 177 1199 216 altum

174 240 225 276 ire
254 239 322 276 iter
349 246 413 276 aut
443 240 575 276 castris
605 239 757 275 audebit
786 239 923 275 vellere
952 239 1072 287 signa.

174 297 340 335 Invitent
369 299 513 335 croceis
542 297 713 335 halantes
742 297 898 335 floribus
927 298 1039 342 horti,

175 365 211 394 et
239 363 367 394 custos
399 357 523 393 furum
554 364 667 405 atque
697 357 821 393 avium
853 369 940 393 cum
972 356 1066 394 falce
1096 356 1243 405 saligna

175 415 478 464 Hellespontiaci
509 423 630 453 servet
658 416 775 452 tutela
805 416 942 464 Priapi.

175 474 263 523 Ipse
291 474 464 523 thymum
493 475 683 523 pinosque
712 474 838 512 ferens
868 475 916 511 de
945 475 1142 512 montibus
1171 472 1255 510 altis

175 541 273 570 tecta
302 540 400 570 serat
429 534 502 570 late
533 534 688 578 circum,
720 534 779 570 cui
810 534 898 570 talia
927 546 1061 579 curae3

174 593 256 640 ipse
283 592 413 630 labore
441 605 600 629 manum
630 593 727 629 duro
757 598 862 638 terat,
892 593 976 642 ipse
1005 593 1149 630 feraces

175 651 265 699 figat
294 651 413 688 humo
443 652 592 700 plantas
624 659 660 689 et
688 653 834 689 amicos
864 652 991 700 irriget
1021 652 1174 689 imbres.

227 711 354 759 Atque
384 711 574 759 equidem,
605 718 777 748 extremo
807 713 845 748 ni
874 711 949 747 iam
980 711 1051 748 sub
1081 711 1156 748 fine
1185 710 1360 747 laborum

175 769 257 805 vela
286 769 434 806 traham
465 776 502 806 et
530 770 636 806 terris
667 769 842 806 festinem
872 770 1065 806 advertere
1094 780 1260 818 proram,

174 828 331 866 forsitan
362 836 410 873 et,
440 829 603 878 pingues
633 829 766 865 hortos
796 841 894 878 quae
925 840 1015 865 cura
1043 828 1195 865 colendi

175 896 336 933 ornaret,
369 901 558 932 canerem,
590 888 775 937 biferique
805 888 948 925 rosan'a
978 887 1115 932 Paesti,

174 960 328 997 quoque
357 949 476 985 modo
506 949 607 997 potis
637 949 846 996 gauderent
875 947 1007 984 intuba
1035 948 1121 984 rivis

174 1016 210 1045 et
239 1009 375 1045 virides
405 1009 494 1057 apio
524 1009 639 1056 ripae,
669 1014 867 1056 tortusque
896 1019 964 1056 per
993 1007 1151 1044 herbam

175 1076 360 1106 cresceret
390 1068 427 1104 in
458 1074 628 1104 ventrem
660 1067 858 1113 cucumis3
899 1079 971 1103 nec
1001 1078 1085 1103 sera
1114 1072 1333 1103 comantem

174 1128 386 1164 narcissum
416 1133 481 1163 aut
509 1125 597 1162 flexi
627 1127 834 1162 tacuissem
863 1125 991 1161 vimen
1021 1125 1173 1161 acanthi

174 1186 432 1235 pallentesque
461 1184 620 1221 hederas
651 1190 688 1221 et
717 1190 890 1220 amantes
920 1184 1030 1220 litora
1060 1190 1218 1231 myrtos.

175 1244 355 1293 Namque
385 1244 454 1280 sub
485 1242 668 1281 Oebaliae
698 1242 855 1278 memini
885 1254 946 1279 me
976 1242 1141 1279 turribus
1172 1241 1279 1287 arcis,

174 1317 250 1353 qua
279 1306 386 1352 niger
415 1309 583 1339 umectat
611 1302 789 1338 flaventia
819 1301 919 1339 culta
949 1300 1148 1348 Galaesus,

175 1363 380 1412 Corycium
410 1362 548 1399 vidisse
578 1373 722 1406 senem,
753 1361 813 1398 cui
844 1372 969 1410 pauca
997 1361 1116 1397 relicti

174 1425 305 1472 iugera
334 1423 428 1460 ruris
457 1428 575 1465 erant,
606 1433 678 1459 nec
707 1421 836 1458 fertilis
867 1421 928 1458 illa
957 1422 1128 1458 iuvencis

174 1496 244 1520 nec
275 1482 403 1520 Cereri
432 1488 651 1530 opportuna
681 1492 791 1529 seges
821 1492 893 1517 nec
923 1480 1132 1517 commoda
1163 1479 1329 1517 Baccho.

174 1542 251 1580 Hic
282 1554 407 1578 rarum
438 1547 567 1577 tamen
597 1541 635 1576 in
665 1540 790 1576 dumis
819 1540 903 1576 olus
934 1539 1095 1587 albaque
1126 1540 1270 1576 circum

173 1603 249 1639 lilia
276 1602 539 1649 verbenasque
569 1611 748 1647 premens
777 1610 1010 1646 vescumque
1041 1610 1207 1647 papaver

174 1672 308 1710 regum
339 1660 526 1708 aequabat
555 1671 651 1707 opes
681 1658 830 1702 animis,
862 1669 1021 1706 seraque
1050 1664 1243 1694 revertens

174 1728 287 1758 nocte
319 1719 479 1756 domum
510 1718 674 1766 dapibus
703 1729 857 1754 mensas
886 1717 1070 1753 onerabat
1100 1717 1293 1765 inemptis.

175 1780 324 1816 Primus
354 1790 440 1815 vere
470 1789 597 1814 rosam
627 1784 740 1825 atque
771 1784 955 1812 autumno
985 1787 1140 1823 carpere
1171 1787 1299 1824 poma,

176 1847 213 1876 et
242 1850 330 1875 cum
360 1837 473 1874 tristis
502 1836 652 1884 hiemps
681 1836 890 1872 etiamnum
922 1834 1061 1882 frigore
1092 1846 1185 1871 saxa

175 1904 368 1946 rumperet
397 1904 434 1933 et
462 1895 582 1944 glacie
612 1907 745 1932 cursus
775 1894 937 1930 frenaret
966 1905 1164 1942 aquarum,

175 1960 235 1996 ille
265 1969 418 1995 comam
447 1955 573 1992 mollis
602 1955 678 1992 iarn
708 1954 893 1991 tondebat
923 1953 1116 2002 hyacinthi

177 2025 362 2056 aestatem
392 2015 623 2063 increpitans
653 2026 777 2050 seram
808 2012 1072 2062 zephyrosque
1101 2018 1308 2050 morantes.

175 2078 281 2125 Ergo
311 2076 446 2124 apibus
475 2073 560 2111 fetis
589 2073 692 2110 idem
722 2080 835 2121 atque
865 2072 1040 2108 examine
1070 2071 1191 2108 multo

177 2138 322 2187 primus
350 2134 546 2171 abundare
575 2140 612 2169 et
642 2132 861 2181 spumantia
890 2142 1026 2179 cogere
1057 2130 1197 2179 pressis

176 2196 291 2234 mella
321 2194 437 2231 favis:
478 2193 528 2229 illi
558 2193 658 2229 tiliae
689 2200 801 2241 atque
832 2191 1024 2228 uberrima
1052 2190 1177 2238 pinus,

177 2263 348 2306 quotque
380 2255 418 2290 in
448 2253 542 2290 flore
572 2264 675 2289 novo
704 2252 831 2301 pomis
861 2263 900 2288 se
931 2249 1058 2286 fertilis
1088 2250 1202 2286 arbos

178 2316 363 2357 induerat,
393 2312 553 2349 totidem
583 2319 769 2349 autumno
799 2316 947 2347 matura
975 2309 1141 2346 tenebat.

178 2377 247 2413 Ille
276 2375 389 2412 etiam
420 2385 520 2410 seras
550 2373 589 2409 in
619 2383 768 2409 versum
799 2370 941 2408 distulit
969 2369 1095 2406 ulmos

181 2435 415 2483 eduramque
445 2433 571 2482 pirum
600 2438 637 2469 et
667 2431 799 2479 spinos
828 2429 904 2466 iam
934 2440 1056 2477 pruna
1084 2427 1247 2465 ferentes

1503 369 1564 392 110

1504 665 1562 696 115

1507 960 1568 983 120

1510 1847 1568 1878 135

1512 2440 1570 2472 145
