1669 2737
547 88 716 123 LIBER
751 89 813 125 VJ.
844 83 1055 138 536-613·

120 198 305 235 vestibulo
336 196 492 235 sedeat?
530 196 646 235 facies
674 210 772 246 quae
801 197 933 234 limina
963 198 1111 235 servet?

122 257 412 307 Quinquaginta
441 256 530 294 atris
558 257 735 294 immanis
765 256 928 293 hiatibus
959 256 1094 305 Hydra

121 317 267 354 saevior
294 317 396 354 intus
424 316 538 354 habet
567 317 708 354 sedem.
767 316 871 354 Tum
900 315 1085 353 Tartarus
1115 315 1196 364 ipse

120 376 177 413 bis
205 382 309 425 patet
336 376 375 412 in
403 388 590 426 praeceps
618 382 765 413 tantum
794 375 991 424 tenditque
1021 375 1091 412 sub
1120 376 1285 419 umbras,

120 442 285 484 quantus
315 434 364 472 ad
393 435 600 473 aetherium
631 435 725 472 caeli
754 442 953 483 suspectus
984 433 1206 482 Olympum.

121 494 197 531 Hic
226 507 349 544 genus
378 496 576 544 antiquum
605 494 763 541 Terrae,
794 494 948 531 Titania
976 494 1110 543 pubes,

118 554 275 591 fulmine
304 554 439 592 deiecti
468 554 588 591 fundo
617 554 818 591 volvuntur
845 554 885 590 in
913 554 1004 590 imo.

119 613 197 651 Hic
225 621 262 651 et
289 613 449 651 Aloidas
479 613 656 661 geminos
684 613 868 649 immania
895 613 971 649 vidi

119 684 294 722 corpora,
323 673 387 722 qui
416 672 591 709 manibus
621 683 807 720 magnum
836 671 1051 709 rescindere
1082 671 1229 708 caelum

118 733 288 781 aggressi
316 732 541 780 superisque
570 731 705 767 Iovem
736 731 933 768 detrudere
961 731 1160 781 regnis}
1194 755 1203 769 .

118 790 209 828 Vidi
238 799 274 828 et
303 791 474 829 crudeles
503 790 658 827 dantem
690 790 895 827 Salmonea
924 802 1082 839 poenas,

119 850 211 887 dum
238 851 414 887 flammas
442 849 544 887 Iovis
573 856 610 886 et
640 850 787 886 sonitus
817 850 982 886 imitatur
1011 849 1177 899 Olympi.

119 909 310 956 Quattuor
337 910 399 947 hic
428 910 598 947 invectus
628 910 735 958 equis
764 916 801 946 et
830 909 1010 958 lampada
1039 922 1225 959 quassans

117 981 186 1018 per
215 969 376 1007 Graium
405 969 573 1018 populos
602 968 828 1017 mediaeque
857 981 924 1017 per
952 968 1070 1006 Elidis
1102 970 1235 1006 urbem

117 1030 195 1065 ibat
224 1041 341 1066 ovans
371 1028 576 1077 divumque
607 1028 677 1064 sibi
706 1029 888 1076 poscebat
918 1027 1117 1073 honorem,

118 1088 288 1134 demens,
319 1089 384 1138 qui
412 1088 566 1126 nimbos
596 1095 633 1124 et
661 1100 741 1125 non
771 1087 950 1124 imitabile
980 1087 1125 1125 fulmen

117 1159 203 1185 aere
232 1155 270 1185 et
298 1147 551 1196 cornipedum
579 1147 692 1196 pulsu
722 1147 914 1184 simularet
943 1159 1141 1195 equorum.

116 1208 169 1244 At
196 1206 308 1244 Pater
336 1207 584 1255 omnipotens
614 1206 734 1243 densa
763 1207 858 1243 inter
886 1207 1016 1243 nubila
1044 1207 1162 1243 telum

117 1267 310 1311 contorsit,
339 1277 421 1303 non
449 1266 510 1303 ille
538 1265 642 1303 faces
671 1278 742 1302 nec
772 1265 900 1302 fumea
929 1266 1049 1303 taedis

116 1325 270 1371 lumina,
300 1325 624 1374 praecipitemque
653 1325 813 1361 immani
842 1325 991 1362 turbine
1021 1324 1159 1373 adegit.

117 1385 311 1422 Necnon
339 1393 377 1422 et
405 1385 561 1434 Tityon,
593 1384 735 1421 Terrae
765 1384 1038 1432 omniparentis
1069 1385 1279 1429 alumnum,

116 1455 272 1482 cernere
301 1451 391 1489 erat,
421 1455 490 1492 per
517 1450 597 1480 tota
626 1454 766 1479 novem
795 1443 855 1480 cui
885 1443 1014 1490 iugera
1043 1455 1184 1492 corpus

115 1504 329 1552 porrigitur,
358 1511 559 1552 rostroque
588 1503 766 1539 immanis
797 1502 918 1539 vultur
946 1503 1102 1540 obunco

116 1562 330 1600 immortale
359 1562 462 1600 iecur
490 1561 658 1599 tondens
688 1561 929 1610 fecundaque
959 1563 1094 1611 poenis

115 1623 261 1660 viscera
287 1622 519 1670 rimaturque
549 1621 670 1670 epulis
699 1620 922 1669 habitatque
951 1621 1021 1658 sub
1051 1621 1127 1659 alto

116 1689 282 1731 pectore,
311 1693 383 1718 nec
412 1681 515 1717 fibris
544 1680 693 1729 requies
723 1680 831 1717 datur
859 1679 935 1717 ulla
964 1681 1114 1717 renatis.

117 1740 222 1787 Quid
250 1752 465 1777 memorem
494 1739 690 1789 Lapithas,
720 1739 869 1784 Ixiona,
899 1739 1217 1790 Pirithoumque?

116 1812 215 1849 quos
243 1812 358 1849 super
387 1807 468 1836 atra
496 1799 591 1837 silex
619 1799 697 1835 iam
726 1799 801 1836 iam
830 1799 982 1847 lapsura
1011 1800 1240 1848 cadentique

115 1861 288 1898 imminet
317 1860 491 1897 assimilis
506 1872 516 1906 ;
558 1859 686 1896 lucent
715 1859 928 1908 genialibus
959 1860 1041 1897 altis

117 1934 231 1959 aurea
258 1920 378 1958 fulcra
405 1921 508 1965 toris,
540 1919 751 1969 epulaeque
781 1926 868 1956 ante
898 1932 965 1956 ora
993 1928 1147 1969 paratae

116 1982 274 2032 regifico
302 1982 417 2028 luxu;
457 1981 657 2018 Furiarum
686 1981 855 2017 maxima
883 1981 987 2017 iuxta

117 2044 277 2082 accubat
305 2050 342 2081 et
370 2043 548 2080 manibus
577 2042 753 2091 prohibet
784 2042 1007 2090 contingere
1036 2055 1203 2088 mensas,

118 2103 362 2151 exsurgitque
390 2101 515 2139 facem
545 2101 722 2138 attollens
752 2108 866 2148 atque
895 2101 1044 2137 intonat
1073 2113 1149 2138 ore.

119 2161 197 2199 Hic
227 2162 365 2210 quibus
393 2161 504 2197 invisi
533 2159 676 2204 fratres,
708 2159 799 2196 dum
829 2159 902 2195 vita
931 2160 1123 2205 manebat,

119 2220 336 2270 pulsatusve
365 2231 503 2267 parens
533 2229 570 2256 et
599 2219 701 2255 fraus
731 2219 872 2254 innexa
902 2218 1040 2263 clienti,

119 2287 184 2317 aut
211 2280 276 2328 qui
307 2278 440 2316 divitiis
469 2278 540 2315 soli
569 2279 775 2315 incubuere
805 2278 964 2326 repertis

119 2352 191 2377 nec
219 2346 366 2388 partem
395 2350 557 2387 posuere
586 2338 662 2375 suis
692 2337 807 2386 (quae
836 2337 1004 2373 maxima
1035 2338 1143 2374 turba
1173 2336 1257 2389 est),

119 2401 261 2448 quique
290 2399 342 2435 ob
371 2398 596 2435 adulterium
626 2397 737 2441 caesi,
769 2396 910 2444 quique
941 2408 1046 2432 arma
1076 2397 1195 2433 secuti

119 2459 239 2508 impia
266 2470 338 2495 nec
368 2457 472 2494 veriti
501 2456 748 2494 dominorum
779 2455 905 2492 fallere
936 2455 1100 2500 dextras,

1425 96 1500 124 201

1444 213 1505 244 575

1444 798 1503 838 585

1443 1103 1506 1135 590

1439 1401 1500 1432 595

1444 1687 1508 1718 600

1444 1987 1505 2028 605

1445 2285 1508 2315 610
