1669 2737
541 84 708 118 LIBER
745 84 852 120 VIII.
883 91 910 129 4
913 77 997 130 58-
1000 86 1024 130 5
1029 91 1052 132 3
1057 88 1095 132 5.

127 189 233 232 Toto
262 206 428 243 namque
458 193 624 230 fremunt
653 191 872 230 condensae
902 192 1010 229 litore
1040 204 1192 240 puppes

130 253 314 302 signaque
344 252 440 290 ferre
469 252 623 297 iubent;
662 251 798 288 retinet
826 251 1036 299 longaevus
1066 250 1258 299 haruspex

131 311 205 349 fata
233 323 376 349 canens
407 310 479 349 “O
510 310 712 347 Maeoniae
743 309 890 346 delecta
919 310 1104 353 iuventus,

132 371 203 409 flos
231 377 401 408 veterum
430 371 620 420 virtusque
648 370 780 414 virum,
811 381 908 418 quos
938 369 1057 405 iustus
1087 369 1126 404 in
1156 368 1309 404 hostem

131 431 201 469 fert
230 432 340 469 dolor
368 439 404 469 et
432 432 563 469 merita
592 429 766 467 accendit
796 428 1010 466 Mezentius
1040 430 1106 474 ira,

131 491 221 527 nulli
251 491 308 528 fas
336 491 434 528 Italo
463 497 608 528 tantam
637 489 867 537 subiungere
897 494 1077 537 gentem:

131 558 310 588 externos
339 557 469 599 optate
500 546 676 587 duces:”
717 554 799 585 tum
828 547 991 584 Etrusca
1020 547 1161 584 resedit

131 609 206 647 hoc
235 611 336 647 acies
365 621 516 659 campo,
546 607 700 645 monitis
730 608 906 644 exterrita
936 607 1076 643 divum.

132 668 221 717 Ipse
250 676 420 706 oratores
449 669 498 706 ad
526 680 588 705 me
617 668 800 716 regnique
832 678 1018 704 coronam

133 740 220 765 cum
251 735 402 778 sceptro
431 727 532 764 misit
559 727 791 775 mandatque
821 726 984 774 insignia
1013 725 1207 770 Tarchon,

132 787 337 825 succedam
366 787 496 824 castris
525 786 802 836 Tyrrhenaque
836 797 955 832 regna
985 796 1194 833 capessam.

134 846 211 884 Sed
239 847 331 884 mihi
360 846 466 883 tarda
494 846 582 895 gelu
612 846 821 894 saeclisque
849 845 962 881 effeta
996 850 1173 881 senectus

132 906 273 943 invidet
300 906 501 954 imperium
530 917 712 953 seraeque
741 904 791 941 ad
822 903 930 940 fortia
959 904 1066 940 vires.

134 965 279 1003 Natum
308 965 535 1010 exhortarer,
564 965 603 1001 ni
631 964 770 1000 mixtus
799 970 917 1000 matre
949 962 1098 999 Sabella

134 1025 224 1063 hinc
252 1032 399 1075 partem
429 1025 571 1074 patriae
600 1023 773 1060 traheret.
832 1022 906 1066 Tu,
938 1022 1044 1059 cuius
1070 1029 1107 1059 et
1141 1022 1250 1058 annis

135 1093 171 1123 et
199 1086 331 1134 generi
359 1084 436 1122 fata
465 1083 672 1132 indulgent,
704 1095 819 1132 quem
850 1082 1007 1118 numina
1036 1089 1212 1129 poscunt,

134 1144 345 1194 ingredere,
375 1156 399 1181 o
429 1143 625 1181 Teucrum
655 1149 767 1192 atque
799 1141 936 1178 Italum
967 1141 1169 1177 fortissime
1199 1140 1346 1177 ductor.

136 1204 255 1242 Hunc
282 1205 348 1241 tibi
378 1210 581 1253 praeterea,
613 1215 701 1252 spes
731 1208 768 1239 et
799 1201 931 1239 solatia
960 1201 1088 1246 nostri,

137 1265 307 1302 Pallanta
335 1263 563 1312 adiungam;
605 1264 676 1300 sub
705 1269 741 1299 te
771 1262 930 1299 tolerare
960 1261 1145 1309 magistro

136 1325 306 1361 militiam
337 1330 372 1360 et
400 1335 514 1371 grave
545 1322 678 1359 Martis
707 1334 816 1371 opus,
847 1328 911 1358 tua
940 1332 1095 1358 cernere
1124 1320 1222 1357 facta

137 1390 330 1421 assuescat
357 1383 488 1431 primis
518 1389 555 1419 et
584 1389 619 1419 te
648 1383 803 1418 miretur
831 1382 880 1418 ab
908 1380 1028 1418 annis.

137 1443 308 1481 Arcadas
337 1442 424 1479 huic
454 1442 600 1490 equites
629 1442 687 1478 bis
717 1447 883 1485 centum,
914 1441 1055 1477 robora
1084 1440 1198 1488 pubis

137 1503 235 1541 lecta
263 1503 364 1540 dabo
392 1502 629 1549 totidemque
659 1513 729 1538 suo
758 1501 825 1536 tibi
855 1511 1010 1536 munere
1039 1498 1183 1535 Pallas?

190 1562 267 1598 Vix
296 1574 341 1599 ea
369 1560 467 1598 fatus
497 1567 585 1606 erat,
616 1560 806 1608 defixique
835 1570 903 1596 ora
932 1559 1113 1595 tenebant

138 1622 292 1659 Aeneas
321 1619 574 1657 Anchisiades
604 1626 641 1656 et
668 1619 767 1655 fidus
796 1617 967 1655 Achates

138 1681 332 1729 multaque
362 1680 456 1717 dura
485 1691 555 1716 suo
585 1679 677 1715 tristi
706 1690 794 1715 cum
825 1677 941 1714 corde
972 1677 1170 1726 putabant,

139 1741 179 1777 ni
208 1741 361 1788 signum
391 1739 497 1776 caelo
527 1737 716 1787 Cytherea
745 1737 912 1774 dedisset
941 1746 1084 1785 aperto.

140 1799 320 1848 Namque
348 1798 556 1847 improviso
585 1797 752 1834 vibratus
782 1797 831 1833 ab
861 1795 1013 1833 aethere
1042 1795 1168 1843 fulgor

141 1871 229 1897 cum
258 1858 384 1895 sonitu
413 1857 525 1902 venit,
555 1863 592 1894 et
620 1868 729 1893 ruere
759 1855 890 1892 omnia
919 1855 1000 1891 visa
1033 1860 1190 1902 repente

142 1917 442 1967 Tyrrhenusque
471 1917 585 1953 tubae
614 1915 762 1964 mugire
792 1926 860 1963 per
889 1914 1041 1951 aethera
1072 1914 1240 1961 clangor.

145 1978 376 2028 Suspiciunt‚
406 1977 541 2014 iterum
570 1982 684 2024 atque
712 1975 849 2011 iterum
878 1974 1006 2022 fragor
1034 1974 1204 2022 increpat
1233 1972 1388 2021 ingens:

144 2050 249 2075 arma
276 2038 372 2074 inter
401 2037 544 2073 nubem
573 2035 665 2072 caeli
695 2034 853 2083 regione
884 2045 1020 2070 serena

143 2110 210 2147 per
239 2097 378 2135 sudum
406 2097 556 2133 rutilare
585 2095 714 2132 vident
742 2100 779 2131 et
808 2093 918 2142 pulsa
947 2100 1090 2130 tonare.

145 2157 387 2205 Obstupuere
415 2155 551 2192 animis
580 2154 652 2199 alii,
684 2153 751 2190 sed
780 2152 924 2189 Troi'us
955 2152 1068 2189 heros

145 2217 301 2264 agnovit
330 2215 496 2252 sonitum
524 2220 561 2251 et
591 2213 696 2250 divae
727 2212 916 2261 promissa
945 2212 1124 2260 parentis.

146 2276 251 2313 Tum
279 2282 467 2312 memorat
497 2273 580 2310 ‘Ne
610 2284 711 2317 vero,
741 2271 893 2320 hospes,
925 2283 972 2308 ne
1003 2283 1141 2320 quaere
1171 2271 1356 2320 profecto,

146 2347 263 2385 quem
292 2347 423 2373 casum
452 2340 628 2383 portenta
658 2332 798 2369 ferant:
839 2343 913 2379 ego
944 2342 1085 2379 poscor
1113 2330 1292 2381 Olympo.

147 2396 239 2434 Hoc
270 2396 423 2443 signum
452 2393 588 2431 cecinit
616 2392 818 2429 missuram
848 2391 934 2427 diva
964 2391 1134 2436 creatrix,

148 2457 180 2495 si
207 2455 349 2493 bellum
378 2454 581 2502 ingrueret,
610 2451 875 2500 Vulcaniaque
905 2462 1012 2488 arma
1046 2463 1113 2500 per
1143 2463 1253 2488 auras

1437 86 1519 129 245

1457 382 1520 413 500

1458 679 1519 710 505

1458 975 1520 1006 510

1459 1271 1520 1303 515

1467 1868 1527 1900 5²5

1470 2167 1532 2197 530

1473 2465 1533 2495 535
