1669 2737
117 52 198 93 286
693 60 921 96 AENEIS.

116 168 417 217 impressumque
446 167 575 205 nefas:
619 180 695 205 una
724 168 794 206 sub
822 175 935 206 nocte
964 168 1078 218 iugali

115 238 227 263 caesa
255 239 390 264 manus
419 227 598 264 iuvenum
629 226 740 264 foede
770 227 1000 277 thalamique
1030 228 1185 274 cruenti,

116 297 213 334 quae
243 284 389 323 Clonus
419 285 618 335 Eurytides
647 286 766 323 multo
796 287 1003 324 caelaverat
1032 298 1149 332 auro;

116 357 194 394 quo
224 357 326 382 nunc
356 344 513 381 Turnus
540 352 628 382 ovat
658 346 779 394 spolio
809 345 1025 395 gaudetque
1053 347 1205 395 potitus.

118 404 259 442 Nescia
286 416 396 441 mens
426 404 627 440 hominum
657 404 722 441 fati
752 406 938 454 sortisque
968 405 1114 442 suturae

117 472 153 502 et
182 475 330 502 servare
359 464 531 509 modum,
562 465 673 501 rebus
705 464 853 501 sublata
883 465 1085 502 secundis!

119 525 254 561 Turno
284 529 435 571 tempus
464 523 542 569 erit,
573 535 717 572 magno
747 536 834 561 cum
865 524 1049 573 optaverit
1078 530 1250 572 emptum

118 583 301 620 intactum
330 580 500 619 Pallanta
529 589 566 619 et
595 594 682 619 cum
711 583 834 632 spolia
862 584 934 620 ista
964 583 1140 632 diemque

118 641 251 679 oderit.
307 641 360 677 At
388 642 480 678 socii
508 641 628 679 multo
657 643 801 691 gemitu
829 643 1068 692 lacrimisque

119 701 337 749 impositum
367 707 475 737 scuto
506 700 671 738 referunt
700 701 869 739 Pallanta
897 702 1133 751 frequentes:

121 759 179 798 ‘O
209 760 319 797 dolor
348 766 460 808 atque
490 760 607 797 decus
635 773 819 809 magnum
847 762 1008 799 rediture
1037 762 1195 810 parenti,

120 820 214 856 haec
244 826 279 855 te
308 820 431 867 prima
460 818 539 856 dies
568 820 668 856 bello
698 821 811 865 dedit,
842 820 935 857 haec
964 821 1098 857 eadem
1128 820 1259 865 aufert,

121 890 209 915 cum
238 885 365 914 tamen
394 878 567 926 ingentes
597 878 826 916 Rutulorum
856 880 996 928 linquis
1025 879 1206 916 acervos?

174 937 257 974 Nec
287 938 361 973 iam
392 937 494 974 fama
522 938 610 974 mali
640 939 742 980 tanti,
773 939 839 976 sed
869 940 1004 976 certior
1033 946 1163 976 auctor

122 996 275 1033 advolat
303 995 470 1040 Aeneae,
501 997 603 1033 tenui
633 997 848 1035 discrimine
877 998 938 1036 leti

122 1068 205 1093 esse
235 1067 337 1099 suos,
365 1056 481 1092 versis
510 1062 660 1105 tempus
688 1069 903 1095 succurrere
933 1057 1103 1095 Teucris.

122 1114 300 1152 Proxima
327 1127 502 1164 quaeque
530 1116 636 1153 metit
663 1116 788 1165 gladio
818 1117 1009 1166 latumque
1039 1129 1106 1165 per
1134 1128 1272 1164 agmen

124 1174 261 1211 ardens
290 1174 447 1210 limitem
477 1175 555 1223 agit
584 1174 693 1219 ferro,
723 1182 771 1221 te,
803 1175 945 1221 Turne,
975 1176 1180 1223 superbum

124 1233 240 1270 caede
270 1245 369 1270 nova
399 1245 598 1282 quaerens.
655 1233 791 1278 Pallas,
821 1234 1008 1278 Evander,
1040 1234 1078 1270 in
1109 1234 1200 1282 ipsis

125 1293 255 1331 omnia
285 1300 372 1330 sunt
401 1293 532 1338 oculis,
562 1306 731 1339 mensae,
763 1306 857 1342 quas
887 1293 1035 1330 advena
1062 1293 1202 1342 primas

125 1361 215 1390 tunc
245 1352 344 1396 adiit,
375 1352 607 1401 dextraeque
637 1353 758 1390 datae.
817 1352 1000 1390 Sulmone
1030 1359 1177 1390 creatos

127 1418 303 1461 quattuor
331 1411 392 1448 hic
422 1411 588 1456 iuvenes,
618 1412 788 1455 totidem,
819 1424 916 1460 quos
945 1412 1082 1449 educat
1111 1410 1246 1455 Ufens,

127 1473 293 1508 viventes
321 1470 427 1518 rapit,
458 1469 610 1507 inferias
639 1482 736 1519 quos
767 1471 937 1508 immolet
965 1472 1111 1508 umbris

127 1530 354 1578 captivoque
383 1529 465 1577 rogi
494 1528 696 1578 perfundat
726 1530 910 1578 sanguine
938 1529 1120 1567 flammas.

127 1588 224 1626 Inde
254 1587 374 1636 Mago
405 1588 538 1636 procul
566 1588 754 1625 infensam
784 1588 1031 1625 contenderat
1059 1589 1218 1626 hastam.

130 1648 196 1684 Ille
225 1654 308 1685 astu
338 1647 459 1693 subit;
500 1654 536 1684 at
566 1648 815 1685 tremebunda
846 1649 1061 1697 supervolat
1090 1649 1198 1686 hasta
1209 1660 1218 1694 3

130 1714 166 1745 et
194 1719 320 1757 genua
350 1707 586 1755 amplectens
614 1707 747 1744 effatur
777 1707 862 1744 talia
892 1708 1075 1758 supplex:

131 1767 224 1804 ‘Per
253 1767 396 1816 patrios
424 1779 556 1804 manes
585 1774 621 1804 et
651 1780 739 1816 spes
769 1768 957 1816 surgentis
986 1767 1056 1804 Iuli

131 1834 166 1864 te
195 1839 330 1876 precor
359 1826 458 1863 hanc
489 1827 656 1863 animam
686 1839 810 1864 serves
840 1835 1007 1876 natoque
1036 1827 1218 1876 patrique.

131 1886 201 1924 Est
230 1886 368 1923 domus
397 1885 481 1931 alta,
511 1886 635 1923 iacent
664 1888 813 1934 penitus
844 1887 997 1924 defossa
1025 1886 1164 1923 talenta

133 1946 264 1983 caelati
293 1946 448 1993 argenti,
479 1952 566 1982 sunt
596 1947 675 1982 auri
703 1946 872 1994 pondera
901 1945 989 1982 facti

133 2005 336 2053 infectique
365 2004 468 2041 mihi.
527 2003 619 2041 Non
649 2005 710 2042 hic
739 2006 895 2042 victoria
924 2005 1119 2042 Teucrum

133 2065 283 2102 vertitur
311 2072 375 2101 aut
403 2065 532 2101 anima
561 2077 637 2102 una
666 2065 770 2102 dabit
799 2065 1015 2101 discrimina
1043 2062 1170 2102 tanta.'

133 2124 301 2162 Dixerat.
361 2125 512 2162 Aeneas
539 2132 672 2161 contra
699 2125 758 2162 cui
786 2125 874 2161 talia
901 2124 1048 2162 reddit:

137 2184 316 2233 ‘Argenti
346 2191 458 2232 atque
489 2185 567 2220 auri
596 2196 787 2221 memoras
816 2196 913 2233 quae
942 2183 1058 2220 multa
1086 2182 1237 2229 talenta,

134 2245 232 2280 natis
261 2255 375 2291 parce
405 2244 486 2280 tuis.
546 2243 639 2280 Belli
669 2245 898 2282 commercia
926 2243 1081 2280 Turnus

136 2302 280 2339 sustulit
308 2302 378 2338 ista
406 2303 508 2350 prior
536 2303 611 2339 iarn
640 2310 721 2340 tum
751 2303 918 2340 Pallante
947 2308 1157 2352 perempto.

136 2361 226 2398 Hoc
255 2362 370 2410 patris
399 2361 590 2399 Anchisae
619 2374 763 2407 manes,
793 2362 868 2399 hoc
898 2362 1010 2399 sentit
1038 2361 1166 2398 Iulus!

139 2420 200 2457 Sic
231 2420 327 2458 fatus
357 2421 503 2470 galeam
534 2421 639 2459 laeva
668 2429 770 2459 tenet
799 2429 911 2471 atque
941 2421 1080 2459 reflexa

1438 358 1502 390 500

1438 654 1500 686 505

1440 950 1505 983 510

1443 1246 1504 1277 515

1445 1541 1509 1573 520

1449 1839 1510 1871 525

1452 2137 1516 2169 530

1454 2435 1516 2467 535
