1669 2737
584 86 751 121 LIBER
780 86 859 122 III.
893 80 1073 134 29—106.

136 194 337 232 condimus
365 202 403 233 et
431 207 575 244 magna
603 207 826 244 supremum
855 206 950 232 voce
979 194 1134 232 ciemus.

191 254 308 291 ‘Inde
337 255 402 291 ubi
431 256 554 304 prima
581 254 676 291 fides
705 254 856 303 pelago,
887 253 1114 302 placataque
1145 253 1245 289 venti

135 314 228 350 dant
255 314 376 351 maria
405 322 442 351 et
470 314 566 352 lenis
595 313 784 362 crepitans
814 320 926 350 vocat
954 314 1094 349 Auster
1123 312 1161 348 in
1192 312 1321 356 altum,

136 373 331 410 deducunt
359 374 452 411 socii
481 386 597 411 naves
626 379 663 410 et
690 373 801 410 litora
831 371 1037 420 complent.

134 431 382 471 Provehimur
410 440 524 483 portu
552 441 750 482 terraeque
777 433 968 480 urbesque
997 431 1190 468 recedunt.

135 491 252 530 Sacra
279 493 374 529 mari
403 493 539 530 colitur
567 492 696 529 medio
725 492 939 540 gratissima
968 490 1078 528 tellus

134 550 346 590 Nereidum
374 551 485 588 matri
513 559 550 588 et
579 550 764 599 Neptuno
793 551 964 599 Aegaeo,

133 622 250 659 quam
279 611 363 660 pius
391 611 651 659 Arquitenens
680 622 767 647 oras
796 617 834 646 et
863 610 972 646 litora
1002 610 1145 647 circum

133 677 322 707 errantem
352 669 524 719 Mycono
554 682 575 707 e
604 669 706 706 celsa
736 668 944 718 Gyaroque
972 669 1132 705 revinxit

132 729 410 777 immotamque
439 728 515 765 coli
544 728 647 765 dedit
676 736 713 765 et
743 735 990 765 contemnere
1019 735 1165 764 ventos.

133 789 225 828 Huc
253 790 364 837 feror,
394 790 489 828 haec
519 790 641 827 fessos
671 797 753 827 tuto
783 790 1043 839 placidissima
1072 797 1185 838 portu

132 850 280 898 accipit.
337 849 492 899 Egressi
519 861 742 887 veneramur
770 849 959 898 Apollinis
989 849 1134 885 urbem.

133 908 218 946 Rex
247 909 381 954 Anius,
410 921 476 946 rex
505 908 608 945 idem
636 908 837 945 hominum
867 907 1091 956 Phoebique
1122 906 1314 951 sacerdos,

131 968 230 1005 vittis
259 975 296 1005 et
325 980 431 1006 sacra
459 968 654 1005 redimitus
684 976 859 1016 tempora
888 967 994 1004 lauro

132 1029 306 1074 occurrit,
335 1037 501 1066 veterem
530 1028 728 1065 Anchisen
758 1028 914 1077 agnovit
943 1027 1120 1064 amicum.

131 1091 332 1140 Iungimus
359 1090 528 1139 hospitio
557 1091 710 1127 dextras
739 1097 776 1127 et
806 1098 905 1128 tecta
936 1090 1118 1127 subimus.

186 1149 376 1199 ‘Templa
405 1150 466 1187 dei
496 1161 593 1186 saxo
622 1150 829 1186 venerabar
859 1156 1000 1186 structa
1028 1156 1202 1185 vetusto:

132 1212 227 1249 “Da
256 1212 465 1261 propriam,
496 1210 754 1259 Thymbraee,
785 1211 972 1256 domum3
1012 1210 1061 1246 da
1089 1210 1245 1246 moenia
1275 1208 1382 1246 sessis

131 1279 167 1308 et
195 1283 318 1320 genus
347 1277 385 1307 et
413 1281 635 1306 mansuram
664 1270 818 1314 urbem;
860 1282 968 1307 serva
997 1270 1111 1306 altera
1141 1269 1282 1305 Troiae

131 1329 329 1379 Pergama,
359 1329 536 1377 reliquias
566 1328 746 1366 Danaum
777 1336 890 1378 atque
920 1329 1075 1366 immitis
1105 1328 1252 1365 Achilli.

131 1390 260 1436 Quem
290 1391 510 1439 sequimur?
549 1402 674 1439 quove
704 1391 756 1428 ire
786 1391 922 1428 iubes?
962 1390 1026 1426 ubi
1056 1402 1199 1438 ponere
1230 1389 1369 1426 sedes?

130 1452 203 1497 Da,
232 1461 350 1502 pater,
381 1453 581 1500 augurium
610 1460 724 1501 atque
754 1453 890 1489 animis
919 1452 1071 1489 illabere
1101 1451 1275 1488 nostris.'’

130 1511 206 1549 Vix
235 1524 280 1549 ea
308 1511 406 1549 fatus
435 1523 561 1549 eram:
602 1500 763 1549 tremere
791 1512 921 1548 omnia
949 1512 1029 1548 visa
1057 1518 1222 1560 repente,

121 1573 335 1622 ,liminaque
364 1572 567 1621 laurusque
599 1573 670 1617 dei,
702 1578 880 1622 totusque
910 1572 1054 1609 moveri

130 1643 243 1669 mons
273 1631 416 1668 circum
445 1638 481 1668 et
510 1631 658 1680 mugire
686 1631 808 1680 adytis
839 1632 987 1668 cortina
1015 1630 1182 1668 reclusis.

130 1690 331 1728 Summissi
359 1690 523 1739 petimus
551 1698 701 1736 terram,
733 1698 769 1728 et
798 1703 873 1728 vox
904 1690 1018 1727 fertur
1047 1690 1096 1726 ad
1125 1701 1258 1727 aures:

130 1749 410 1787 “Dardanidae
439 1750 532 1795 duri,
564 1761 662 1798 quae
691 1762 760 1787 vos
790 1762 812 1786 a
841 1750 956 1798 stirpe
987 1756 1190 1798 parentum

128 1810 252 1858 prima
279 1809 362 1846 tulit
390 1808 512 1855 tellus,
542 1809 678 1846 eadem
708 1821 777 1846 vos
805 1810 922 1846 ubere
952 1809 1052 1846 laeto

126 1869 290 1918 accipiet
316 1868 488 1906 reduces.
545 1868 756 1917 Antiquam
785 1869 971 1917 exquirite
1000 1876 1171 1905 matrem.

127 1927 208 1965 Hic
239 1928 376 1965 domus
405 1928 563 1965 Aeneae
592 1929 741 1966 cunctis
772 1928 1031 1965 dominabitur
1061 1928 1147 1973 oris,

131 1994 167 2024 et
195 1987 274 2024 nati
303 1994 481 2024 natorum
510 1994 548 2023 et
576 1987 642 2036 qui
670 1994 876 2024 nascentur
905 1986 954 2023 ab
984 1985 1089 2022 illis.''

131 2046 241 2084 Haec
270 2046 472 2091 Phoebus;
512 2047 711 2095 mixtoque
741 2047 878 2095 ingens
908 2055 1040 2082 exorta
1068 2045 1230 2083 tumultu

130 2105 279 2150 laetitia,
309 2112 347 2143 et
375 2106 503 2143 cuncti
532 2118 630 2154 quae
660 2106 735 2143 sint
766 2117 811 2142 ea
839 2106 994 2142 moenia
1023 2113 1222 2154 quaerunt,

130 2177 207 2214 quo
236 2165 417 2203 Phoebus
446 2172 556 2202 vocet
585 2173 756 2203 errantes
785 2165 990 2213 iubeatque
1018 2164 1162 2201 reverti.

130 2223 234 2261 Tum
263 2225 423 2273 genitor,
453 2231 622 2261 veterum
652 2224 808 2261 volvens
838 2224 1076 2260 monimenta
1105 2223 1282 2267 virorum,

130 2287 151 2303 “
165 2283 319 2329 Audite,
348 2295 372 2321 o
401 2283 615 2332 proeeres‚''
647 2284 699 2321 ait
729 2286 801 2320 “et
831 2295 918 2331 spes
948 2282 1080 2320 discite
1109 2289 1263 2319 vestras.

131 2342 245 2380 Creta
273 2342 376 2380 Iovis
404 2343 535 2391 magni
564 2343 693 2380 medio
723 2342 819 2379 iacet
849 2341 973 2378 insula
1002 2349 1135 2390 ponto,

130 2413 244 2438 mons
272 2400 411 2439 Idaeus
440 2402 505 2438 ubi
535 2409 572 2439 et
600 2402 724 2450 gentis
754 2401 944 2438 cunabula
973 2407 1139 2438 nostrae.

131 2459 296 2498 Centum
325 2461 438 2499 urbes
466 2460 637 2498 habitant
665 2472 839 2509 magnas,
868 2460 1054 2497 uberrima
1083 2472 1226 2509 regna3

1449 90 1525 128 127

1485 912 1527 942 80

1483 1525 1525 1555 90

1485 1823 1524 1855 95

1465 2119 1525 2141 100

1464 2415 1520 2444 105
