1669 2737
156 75 231 114 88⁴
737 79 964 115 AENEIS.

211 189 273 227 Sic
301 189 362 236 ait,
392 197 429 227 et
458 190 561 228 dicto
591 190 699 228 citius
730 189 874 227 tumida
903 201 1072 238 aequora
1095 188 1233 238 placat,

156 249 412 297 collectasque
441 248 545 297 fugat
574 249 697 285 nubes
727 248 926 297 solemque
955 248 1111 285 reducit.

157 308 373 358 Cymothoe'
402 308 513 345 simul
542 315 578 345 et
608 308 747 345 Triton
777 308 940 345 annixus
970 315 1083 345 acuto

157 369 360 406 detrudunt
390 380 505 404 naves
535 368 719 416 scopulo;
760 367 857 404 levat
886 368 967 416 ipse
997 367 1151 404 tridenti

157 435 192 465 et
220 435 343 465 vastas
374 427 494 475 aperit
523 433 642 475 syrtes
671 434 708 463 et
736 432 922 475 temperat
952 438 1106 475 aequor,

157 496 269 537 atque
298 487 389 524 rotis
419 498 587 523 summas
616 486 762 523 levibus
789 486 991 534 perlabitur
1020 485 1154 522 undas.

156 549 214 585 Ac
242 547 354 585 veluti
383 558 527 595 magno
556 546 595 582 in
624 546 768 594 populo
797 557 884 582 cum
914 557 1028 593 saepe
1059 553 1190 582 coorta
1220 551 1277 582 est

157 607 303 652 seditio,
333 606 524 654 saevitque
553 605 689 642 animis
718 604 885 653 ignobile
914 605 1061 652 vulgus,

157 668 309 715 iamque
339 665 441 702 faces
470 671 508 701 et
537 676 628 701 saxa
657 664 795 708 volant,
827 663 928 700 furor
956 676 1062 700 arma
1090 663 1305 700 ministrat:

158 734 237 763 tum
267 725 406 774 pietate
434 735 588 771 gravem
618 735 662 760 ac
692 723 835 760 meritis
866 723 896 760 si
927 722 1020 760 forte
1050 723 1171 759 virum
1202 734 1318 772 quem

158 797 402 834 conspexere,
434 784 544 821 silent
572 783 801 831 arrectisque
830 783 981 819 auribus
1012 788 1158 828 astant;

157 846 217 883 ille
245 845 341 894 regit
370 844 478 881 dictis
508 843 669 886 animos,
699 850 737 879 et
766 850 923 890 pectora
951 842 1114 879 mulcet:

158 907 211 943 sic
240 911 400 942 cunctus
429 903 554 952 pelagi
584 902 719 940 cecidit
748 901 886 949 fragor,
917 913 1086 949 aequora
1114 908 1321 950 postquam

158 965 393 1014 prospiciens
422 963 571 1011 genitor
600 961 784 1009 caeloque
813 961 985 998 invectus
1015 967 1145 1009 aperto

158 1025 273 1063 flectit
301 1034 421 1071 equos
450 1033 637 1069 curruque
666 1020 800 1056 volans
829 1019 892 1056 dat
921 1019 1000 1056 lora
1029 1019 1210 1057 secundo.

210 1082 360 1121 Defessi
389 1080 596 1118 Aeneadae
627 1092 725 1128 quae
756 1080 931 1128 proxima
961 1079 1070 1116 litora
1100 1091 1213 1116 cursu

159 1145 396 1182 contendunt
425 1149 566 1191 petere,
596 1149 633 1179 et
663 1141 806 1190 Libyae
837 1147 1029 1177 vertuntur
1056 1140 1105 1177 ad
1135 1152 1232 1177 oras.

158 1205 227 1241 Est
255 1204 293 1240 in
323 1215 476 1240 secessu
504 1202 623 1250 longo
653 1200 782 1237 locus:
821 1199 943 1236 insula
973 1207 1126 1248 portum

159 1264 271 1301 efficit
300 1263 453 1300 obiectu
482 1261 652 1306 laterum,
683 1260 820 1308 quibus
851 1259 977 1296 omnis
1007 1259 1055 1296 ab
1085 1260 1161 1295 alto

159 1323 341 1371 frangitur
370 1322 485 1370 inque
516 1320 620 1357 sinus
650 1319 786 1356 scindit
816 1331 898 1355 sese
928 1318 1032 1355 unda
1061 1318 1249 1354 reductos.

159 1382 264 1419 Hinc
293 1387 407 1429 atque
437 1379 525 1416 hinc
553 1385 680 1415 vastae
712 1390 824 1426 rupes
855 1377 1075 1426 geminique
1104 1377 1295 1413 minantur

159 1443 197 1478 in
225 1441 374 1479 caelum
404 1438 564 1487 scopuli,
595 1450 757 1487 quorum
788 1437 859 1474 sub
888 1437 1025 1473 vertice
1055 1436 1128 1472 late

158 1512 323 1550 aequora
352 1505 432 1535 tuta
462 1497 593 1534 silent:
634 1504 715 1533 tum
745 1496 845 1533 silvis
875 1507 1015 1533 scaena
1045 1494 1212 1532 coruscis

159 1562 322 1608 desuper
350 1557 594 1605 horrentique
623 1563 747 1593 atrum
777 1567 914 1592 nemus
943 1555 1117 1591 imminet
1146 1555 1307 1600 umbra3

158 1621 281 1657 fronte
313 1618 384 1655 sub
414 1617 571 1653 adversa
601 1615 769 1663 scopulis
799 1614 1052 1663 pendentibus
1082 1619 1244 1656 antrum,

158 1681 258 1716 intus
286 1689 409 1726 aquae
439 1676 569 1713 dulces
598 1676 759 1723 vivoque
790 1673 921 1711 sedilia
951 1685 1058 1718 saxo,

160 1737 426 1786 Nympharum
458 1736 606 1772 domus.
665 1734 742 1771 Hic
772 1733 890 1770 fessas
919 1745 998 1770 non
1028 1732 1176 1769 vincula
1206 1742 1322 1768 naves

159 1798 234 1834 ulla
263 1803 405 1840 tenent,
435 1806 536 1831 unco
566 1806 646 1830 non
675 1793 802 1840 alligat
831 1804 975 1829 ancora
1003 1803 1146 1828 morsu.

161 1858 252 1894 Huc
282 1862 429 1904 septem
460 1854 614 1890 Aeneas
645 1852 813 1890 collectis
843 1851 1002 1888 navibus
1032 1851 1138 1887 omni

161 1930 208 1954 ex
237 1926 398 1953 numero
428 1913 551 1958 subit3
593 1924 638 1949 ac
666 1923 810 1959 magno
840 1910 979 1947 telluris
1007 1921 1139 1946 amore

161 1977 302 2027 egressi
330 1981 462 2024 optata
491 1973 686 2023 potiuntur
716 1972 842 2008 Troes
871 1971 1011 2007 harena

161 2045 198 2075 et
227 2036 303 2074 sale
333 2035 507 2071 tabentes
536 2040 637 2069 artus
667 2032 705 2068 in
734 2031 841 2068 litore
871 2036 1031 2079 ponunt.

161 2099 220 2134 Ac
249 2096 414 2145 primum
444 2093 537 2130 silici
568 2091 770 2129 scintillam
800 2090 953 2127 excudit
982 2089 1150 2126 Achates

162 2156 409 2204 succepitque
439 2154 570 2202 ignem
601 2151 700 2188 foliis
729 2156 843 2199 atque
873 2149 978 2186 arida
1009 2149 1152 2186 circum

162 2216 391 2252 nutrimenta
421 2213 525 2250 dedit
553 2211 750 2260 rapuitque
781 2210 819 2246 in
849 2208 981 2245 fomite
1011 2207 1219 2244 flammam.

163 2275 267 2312 Tum
297 2273 475 2311 Cererem
506 2277 725 2319 corruptam
754 2268 866 2305 undis
897 2267 1144 2315 Cerealiaque
1175 2277 1283 2304 arma

163 2333 370 2383 expediunt
401 2331 490 2368 fessi
520 2341 656 2374 rerum,
688 2328 893 2376 frugesque
922 2332 1095 2374 receptas

164 2400 201 2431 et
229 2400 370 2430 torrere
400 2396 535 2439 parant
564 2387 728 2424 flammis
758 2394 794 2423 et
825 2386 1000 2434 frangere
1030 2396 1136 2422 saxo.

219 2453 371 2489 Aeneas
401 2448 602 2499 scopulum
632 2447 776 2484 interea
806 2444 1029 2483 conscendit
1058 2450 1094 2481 et
1123 2454 1280 2480 omnem

1488 379 1546 412 145

1489 677 1550 708 150

1492 974 1550 1005 155

1494 1263 1554 1294 160

1496 1558 1553 1598 165

1496 2158 1556 2192 175

1499 2446 1559 2479 180
