1669 2737
179 99 232 142 74
733 95 1019 131 GEORGJCA.

178 218 291 244 mane
319 212 431 243 ruunt
460 205 602 254 portis3
642 216 833 254 nusquam
862 217 992 251 mora3
1033 217 1161 242 rursus
1193 204 1350 242 easdem

178 279 311 316 vesper
338 266 403 303 ubi
433 278 454 303 e
483 273 593 314 pastu
623 265 781 302 tandem
813 265 1000 302 decedere
1029 265 1176 314 campis

179 326 389 369 admonuit,
420 332 499 361 turn
529 330 628 361 tecta
657 330 802 372 petunt,
834 332 915 360 tum
945 336 1108 373 corpora
1137 332 1293 369 curant;

180 385 221 421 fit
251 385 397 421 sonitus
426 390 676 431 mussantque
707 395 794 419 oras
823 389 860 420 et
889 382 1020 420 limina
1050 383 1203 420 circum.

179 443 272 480 Post
300 443 365 480 ubi
395 443 471 479 iarn
500 441 676 478 thalamis
707 454 748 480 se
778 454 1045 490 composuere,
1076 442 1204 479 siletur

181 504 219 540 in
251 510 415 548 noctem,
447 502 646 551 fessosque
676 513 795 550 sopor
825 513 915 538 suus
946 509 1110 551 occupat
1140 510 1253 539 artus.

181 561 266 599 Nec
296 574 384 599 vero
414 574 436 598 a
466 561 621 598 stabulis
651 560 778 609 pluvia
808 561 1056 609 impendente
1086 561 1269 598 recedunt

183 622 345 670 longius,
376 629 440 658 aut
470 621 629 658 credunt
659 621 765 658 caelo
796 621 1087 658 adventantibus
1117 620 1251 665 Euris;

183 681 249 719 sed
279 682 421 718 circum
451 688 554 717 tutae
584 681 656 717 sub
685 680 891 717 moenibus
921 681 1023 717 urbis
1054 687 1242 729 aquantur

184 753 442 790 excursusque
471 741 604 777 breves
633 746 834 788 temptant,
864 746 902 776 et
931 751 1047 788 saepe
1077 739 1239 788 lapillos,

184 808 225 838 ut
254 801 414 849 cymbae
444 799 638 836 instabiles
669 799 786 836 fluctu
817 800 981 836 iactante
1011 800 1223 844 saburram,

184 859 329 904 tollunt,
360 858 417 896 his
447 870 530 896 sese
558 871 626 907 per
655 859 783 895 inania
812 858 943 895 nubila
972 858 1122 895 librant.

186 919 299 957 Illum
328 919 426 956 adeo
456 918 645 967 placuisse
675 919 812 967 apibus
842 919 1029 955 mirabere
1061 931 1222 964 morem,

187 979 291 1028 quod
321 990 448 1027 neque
478 978 686 1015 concubitu
715 977 926 1025 indulgent,
958 989 1029 1014 nec
1059 989 1222 1026 corpora
1252 989 1390 1026 segnes

186 1041 225 1076 in
254 1038 447 1075 Venerem
478 1038 628 1074 solvunt
657 1046 722 1074 aut
751 1037 848 1074 fetus
879 1037 1032 1074 nixibus
1062 1037 1203 1083 edunt3

186 1109 316 1135 verum
345 1098 452 1146 ipsae
482 1109 502 1133 e
532 1096 629 1133 foliis
660 1104 785 1141 natos,
816 1109 837 1133 e
868 1097 1046 1134 suavibus
1077 1096 1205 1134 herbis

187 1170 253 1195 ore
283 1158 426 1206 legunt,
455 1157 561 1206 ipsae
589 1167 722 1204 regem
751 1168 965 1205 parvosque
998 1155 1167 1201 Quirites

188 1218 389 1261 sufficiunt,
420 1217 602 1265 aulasque
632 1223 670 1253 et
698 1228 810 1253 cerea
839 1228 958 1265 regna
987 1217 1191 1265 refingunt.

190 1278 313 1328 Saepe
343 1278 457 1315 etiam
487 1277 590 1314 duris
620 1276 783 1314 errando
814 1277 852 1312 in
882 1277 1032 1313 cotibus
1061 1276 1140 1314 alas

189 1340 372 1385 attrivere,
402 1339 579 1387 ultroque
611 1338 778 1375 animam
809 1337 880 1374 sub
910 1336 1012 1374 fasce
1043 1337 1206 1375 dedere:

188 1407 316 1437 tantus
345 1410 454 1435 amor
483 1397 619 1435 florum
650 1404 686 1434 et
715 1397 925 1445 generandi
955 1397 1076 1446 gloria
1105 1396 1239 1434 mellis.

189 1458 295 1508 Ergo
325 1458 427 1508 ipsas
458 1457 632 1506 quamvis
662 1456 814 1504 angusti
843 1456 1026 1493 terminus
1057 1456 1138 1493 aevi

190 1519 356 1567 excipiat
385 1516 526 1567 (neque
556 1516 658 1552 enim
688 1516 772 1564 plus
803 1516 966 1564 septima
996 1515 1147 1553 ducitur
1176 1515 1330 1564 aestas),

191 1585 228 1614 at
257 1588 379 1626 genus
407 1575 622 1612 immortale
652 1582 792 1619 manet,
823 1574 1042 1623 multosque
1071 1587 1137 1623 per
1167 1586 1292 1610 annos

191 1644 264 1674 stat
294 1636 445 1673 fortuna
474 1635 625 1678 domus,
657 1641 694 1670 et
723 1635 780 1670 avi
811 1642 1061 1670 numerantur
1090 1645 1261 1671 avorum.

191 1696 391 1733 Praeterea
419 1706 550 1742 regern
580 1705 660 1729 non
690 1693 743 1729 sic
773 1693 975 1741 Aegyptus
1005 1700 1040 1729 et
1070 1693 1209 1741 ingens

193 1755 315 1804 Lydia
344 1766 416 1791 nec
446 1752 580 1802 populi
611 1752 837 1788 Parthorum
868 1759 932 1788 aut
962 1751 1104 1789 Medus
1135 1751 1342 1800 Hydaspes

192 1816 406 1852 observant.
466 1812 575 1859 Rege
605 1811 788 1848 incolumi
818 1823 928 1848 mens
958 1811 1138 1848 omnibus
1168 1823 1244 1847 una
1274 1818 1353 1851 est;

193 1874 333 1911 amisso
363 1884 498 1920 rupere
529 1870 655 1915 fidem,
688 1877 985 1919 constructaque
1015 1870 1128 1907 mella

193 1933 382 1982 diripuere
413 1933 518 1980 ipsae
548 1938 585 1968 et
615 1937 736 1968 crates
767 1930 912 1967 solvere
943 1930 1124 1966 favorum.

194 1993 261 2030 Ille
290 2003 451 2041 operum
480 1998 621 2035 custos,
652 1990 759 2027 illum
790 1990 1023 2026 admirantur
1050 1996 1087 2027 et
1115 2001 1251 2027 omnes

194 2053 439 2090 circumstant
468 2050 619 2087 fremitu
649 2049 770 2086 denso
802 2049 1018 2098 stipantque
1049 2049 1279 2097 frequentes,

194 2118 230 2148 et
260 2123 374 2160 saepe
405 2110 580 2147 attollunt
610 2109 762 2152 umeris,
793 2116 830 2145 et
861 2119 1025 2156 corpora
1053 2108 1154 2144 bello

194 2171 387 2208 obiectant
417 2169 692 2218 pulchramque
722 2174 856 2216 petunt
885 2179 951 2216 per
980 2166 1136 2203 vulnera
1165 2172 1340 2203 mortem.

251 2229 324 2266 His
354 2229 512 2277 quidam
542 2229 661 2276 signis
691 2235 805 2275 atque
835 2226 931 2263 haec
961 2225 1137 2274 exempla
1167 2225 1286 2262 secuti

195 2301 280 2326 esse
310 2289 446 2337 apibus
477 2295 625 2336 partem
657 2286 807 2323 divinae
836 2285 976 2322 mentis
1007 2292 1044 2322 et
1073 2284 1234 2322 haustus

195 2347 382 2385 aetherios
413 2347 542 2384 dixere
559 2359 569 2392 3
607 2346 723 2383 deum
753 2357 922 2394 namque
950 2345 1004 2382 ire
1033 2356 1101 2395 per
1130 2356 1267 2381 omnes

194 2414 387 2455 terrasque
417 2413 636 2454 tractusque
666 2404 781 2441 maris
811 2404 1038 2453 caelumque
1073 2402 1335 2452 profundum3

195 2466 285 2503 hinc
313 2464 484 2514 pecudes
514 2471 686 2502 armenta
714 2464 822 2509 viros,
855 2474 978 2512 genus
1008 2473 1124 2499 omne
1154 2461 1329 2506 ferarum,

1514 213 1574 251 185

1519 517 1579 549 19³

1522 814 1579 845 195

1527 1410 1585 1441 ²05

1528 1706 1590 1727 210

1530 2002 1589 2033 ²15

1533 2298 1594 2319 220
