1669 2737
142 90 220 134 172
716 84 944 120 AENEJS.

137 196 261 245 prima
288 200 439 244 patrum
468 192 618 242 magnis
649 192 772 231 Salius
801 193 1031 232 clamoribus
1061 192 1204 242 implet,

137 261 385 304 ereptumque
415 253 505 290 dolo
534 253 642 290 reddi
673 253 742 290 sibi
772 253 897 302 poscit
925 253 1128 290 honorem.

139 313 302 351 Tutatur
331 311 436 349 favor
466 311 676 361 Euryalum
705 312 960 361 lacrimaeque
990 312 1155 349 decorae

138 373 279 422 gratior
308 378 345 409 et
372 371 533 420 pulchro
563 372 720 409 veniens
749 372 787 408 in
816 383 979 420 corpore
1008 372 1134 409 virtus.

139 433 305 469 Adiuvat
334 438 370 469 et
400 443 543 480 magna
571 431 781 480 proclamat
810 443 905 469 voce
935 431 1086 473 Diores,

139 493 204 541 qui
232 492 345 529 subiit
372 491 522 540 palmae
552 490 764 540 frustraque
795 491 843 527 ad
873 491 1045 539 praemia
1073 490 1176 528 venit

140 552 282 596 ultima,
313 551 344 587 si
373 551 485 599 primi
515 549 617 587 Salio
647 550 851 587 reddentur
879 549 1058 587 honores.

141 610 246 647 Tum
274 616 381 658 pater
409 610 560 646 Aeneas
591 608 773 646 ‘Vestra’
805 609 926 657 inquit
956 612 1138 645 ‘munera
1166 607 1276 645 vobis

142 676 243 708 certa
272 676 439 715 manent,
469 669 587 717 pueri,
619 675 655 706 et
683 668 851 717 palmam
879 674 1007 705 movet
1036 666 1168 704 ordine
1198 678 1339 704 nemo:

141 742 202 766 me
231 729 341 766 liceat
370 740 480 766 casus
509 728 677 764 misereri
707 727 868 764 insontis
898 725 1034 764 amici.'

143 789 204 826 Sic
233 787 332 825 fatus
361 794 510 835 tergum
540 786 692 824 Gaetuli
721 787 889 823 immane
918 786 1041 824 leonis

143 849 206 886 dat
237 847 351 891 Salio,
381 847 476 884 villis
507 858 713 884 onerosum
744 854 860 894 atque
889 846 1083 894 unguibus
1112 844 1245 882 aureis.

144 907 220 944 Hic
250 906 368 944 Nisus
399 905 462 942 ‘Si
490 904 617 942 tanta’
648 905 769 954 inquit
799 908 910 942 ‘sunt
939 904 1109 953 praemia
1138 904 1243 941 victis

143 974 180 1004 et
209 974 245 1004 te
275 966 469 1014 lapsorum
499 964 664 1008 miseret,
695 976 792 1012 quae
822 975 981 1000 munera
1011 963 1107 1000 Niso

144 1026 260 1075 digna
289 1025 423 1062 dabis?
461 1024 625 1072 primam
655 1023 774 1059 merui
803 1023 868 1071 qui
896 1022 1007 1059 laude
1036 1033 1234 1065 coronam,

144 1087 182 1123 ni
211 1098 284 1130 me,
315 1096 413 1133 quae
444 1082 600 1126 Salium,
631 1082 801 1119 Fortuna
830 1082 984 1118 inimica
1014 1080 1180 1119 tulisset.’

143 1144 193 1183 Et
223 1144 333 1182 simul
362 1143 420 1180 his
450 1142 558 1180 dictis
588 1141 724 1178 faciem
754 1142 972 1178 ostentabat
1001 1148 1037 1178 et
1065 1140 1144 1177 udo

145 1204 267 1253 turpia
296 1203 468 1240 membra
499 1201 602 1237 fimo.
663 1199 760 1236 Risit
789 1208 895 1248 pater
924 1200 1093 1248 optimus
1123 1198 1187 1236 olli

146 1272 183 1301 et
212 1263 376 1312 clipeum
405 1260 529 1299 efferri
558 1259 675 1304 iussit,
707 1258 961 1308 Didymaonis
990 1265 1123 1305 artem,

147 1323 317 1373 Neptuni
346 1333 456 1359 sacro
485 1319 630 1357 Danais
660 1318 707 1356 de
737 1326 848 1367 poste
880 1318 1052 1357 refixum.

147 1383 238 1420 Hoc
267 1383 443 1419 iuvenem
473 1378 670 1427 egregium
699 1378 904 1426 praestanti
933 1390 1091 1415 munere
1122 1377 1253 1415 donat.

200 1442 293 1479 Post
320 1441 386 1477 ubi
416 1438 580 1477 confecti
610 1449 752 1482 cursus,
784 1445 821 1475 et
850 1437 953 1474 dona
987 1437 1156 1487 peregit:

148 1501 297 1545 ‘Nunc,
329 1501 360 1537 si
390 1500 450 1536 cui
479 1498 592 1534 virtus
622 1497 848 1546 animusque
878 1497 917 1534 in
945 1504 1102 1546 pectore
1132 1505 1325 1544 praesens,

148 1561 245 1598 adsit
275 1566 311 1596 et
340 1558 497 1595 evinctis
526 1556 670 1593 attollat
699 1556 877 1593 bracchia
909 1555 1069 1605 palmis.'

150 1620 212 1657 Sic
242 1619 303 1663 ait,
334 1624 371 1655 et
400 1617 596 1665 geminum
628 1627 780 1665 pugnae
810 1615 991 1664 proponit
1020 1614 1222 1657 honorem,

149 1678 280 1716 victori
308 1677 472 1714 velatum
501 1687 593 1712 auro
624 1676 796 1723 vittisque
827 1675 1042 1719 iuvencum,

117 1778 119 1780 ,
150 1750 281 1776 ensem
311 1744 424 1785 atque
454 1736 644 1782 insignem
674 1734 822 1782 galeam
852 1734 986 1771 solatia
1014 1733 1126 1770 victo,

151 1797 235 1835 Nec
264 1808 394 1833 mora:
436 1795 620 1832 continuo
650 1793 763 1830 vastis
793 1805 880 1830 curn
910 1793 1050 1829 viribus
1080 1791 1187 1828 effert

151 1870 219 1894 ora
245 1855 369 1893 Dares
398 1865 618 1902 magnoque
647 1853 768 1889 virum
798 1865 838 1889 se
868 1863 1060 1888 murmure
1090 1851 1195 1896 tollit,

153 1916 256 1954 solus
285 1915 349 1965 qui
378 1913 553 1951 Paridem
584 1912 715 1949 solitus
745 1911 975 1949 contendere
1005 1916 1148 1954 contra,

153 1976 329 2024 idemque
359 1973 407 2010 ad
436 1972 635 2016 tumulum,
665 1983 743 2021 quo
773 1971 963 2008 maximus
993 1969 1154 2007 occubat
1186 1966 1345 2013 Hector,

152 2036 334 2071 victorem
364 2032 488 2069 Buten
517 2031 674 2069 immani
703 2042 875 2079 corpore,
905 2030 970 2079 qui
999 2041 1039 2065 se

153 2094 339 2142 Bebrycia
368 2093 523 2129 veniens
555 2091 689 2139 Amyci
719 2090 766 2127 de
796 2096 910 2138 gente
939 2088 1094 2133 ferebat,

153 2153 311 2202 perculit
341 2159 378 2189 et
405 2151 505 2187 fulva
533 2150 807 2188 moribundum
836 2147 1006 2186 extendit
1035 2147 1190 2184 harena.

153 2213 260 2250 Talis
289 2212 411 2261 prima
439 2211 560 2247 Dares
590 2217 704 2258 caput
734 2209 850 2246 altum
880 2208 918 2244 in
947 2206 1092 2256 proelia
1120 2207 1227 2252 tollit,

153 2273 394 2321 ostenditque
423 2282 576 2307 umeros
605 2270 703 2306 latos
732 2269 952 2316 alternaque
983 2267 1097 2304 iactat

153 2331 330 2369 bracchia
359 2329 593 2379 protendens
622 2335 660 2366 et
687 2329 859 2365 verberat
888 2327 1024 2364 ictibus
1053 2337 1175 2363 auras.

155 2390 356 2437 Quaeritur
384 2389 470 2426 huic
500 2389 615 2434 alius;
655 2400 725 2424 nec
756 2388 958 2436 quisquam
987 2397 1033 2422 ex
1062 2385 1216 2434 agmine
1245 2391 1351 2422 tanto

155 2450 269 2488 audet
297 2449 400 2487 adire
429 2448 549 2485 virum
577 2447 831 2496 manibusque
861 2445 1041 2483 inducere
1070 2450 1232 2482 caestus.

1466 445 1529 476 345

1467 739 1532 770 350

1471 1034 1532 1066 355

1474 1618 1536 1657 365

1475 1924 1538 1954 370

1476 2220 1536 2252 375
