1669 2737
530 88 696 122 LIBER
725 88 796 124 XI.
829 82 855 121 6
857 91 881 136 5
886 90 966 137 3-7
971 94 1037 136 30.

103 197 259 235 loricam
286 194 514 246 galeamque
544 196 651 242 inter,
681 209 757 245 qua
787 195 883 234 colla
913 194 1079 233 sedentis

103 257 231 294 lucent
258 262 295 294 et
323 256 430 293 laevo
462 255 653 304 dependet
680 268 814 304 parma
843 256 993 299 lacert0‚

104 315 347 353 Orsilochum
375 314 524 363 fugiens
553 325 815 363 magnumque
844 314 985 362 agitata
1013 324 1080 360 per
1110 311 1242 348 orbem

102 374 219 412 eludit
247 386 340 423 gyro
369 374 524 410 interior
555 373 796 421 sequiturque
826 378 1062 421 sequentem,

102 440 182 470 tum
210 432 377 470 validam
407 444 551 481 perque
579 443 683 468 arma
711 433 790 468 viro
821 443 965 481 perque
994 441 1083 467 ossa
1113 430 1274 466 securim

101 491 210 529 altior
239 503 449 540 exsurgens
479 491 600 528 oranti
630 497 666 527 et
695 490 813 527 multa
841 489 1010 538 precanti

101 551 370 598 congeminat:
412 549 546 586 vulnus
576 549 697 586 calido
726 549 821 598 rigat
850 560 916 585 ora
946 548 1112 585 cerebro.

100 608 241 646 Incidit
268 609 356 646 huic
386 609 589 657 subitoque
619 615 775 656 aspectu
805 608 954 645 territus
985 607 1103 644 haesit

99 667 430 717 Appenninicolae
459 667 616 704 bellator
645 667 740 704 filius
771 667 881 711 Auni,

98 726 202 764 haud
231 727 415 776 Ligurum
445 733 647 771 extremus,
679 726 770 763 dum
800 726 926 762 fallere
956 725 1032 762 fata
1062 725 1247 762 sinebant.

99 785 214 835 Isque
243 786 307 822 ubi
337 797 378 822 se
406 785 512 823 nullo'
540 785 616 822 iam
646 797 756 822 cursu
785 785 942 822 evadere
971 796 1124 833 pugnae

97 857 212 894 posse
241 858 364 894 neque
394 846 599 883 instantem
628 846 799 894 reginam
829 852 992 882 avertere
1022 845 1152 889 cernit,

99 904 257 942 consilio
286 916 435 942 versare
466 905 576 942 dolos
604 906 797 953 ingressus
827 911 863 941 et
892 911 975 941 astu

97 964 228 1012 incipit
256 963 372 1001 haee:
416 963 543 1010 ‘Quid
571 970 649 1001 tam
678 964 883 1013 egregium,
915 963 945 1000 si
975 962 1116 999 femina
1145 961 1230 999 forti

97 1023 182 1060 fidis
211 1023 337 1071 equo?
375 1023 531 1060 Dimitte
562 1022 692 1071 fugam
721 1030 757 1059 et
786 1029 822 1059 te
852 1022 1066 1059 comminus
1096 1033 1219 1069 aequo

96 1094 249 1119 mecum
278 1081 390 1119 crede
420 1082 501 1118 solo
530 1093 761 1130 pugnaeque
792 1081 948 1129 accinge
979 1080 1167 1129 pedestri:

97 1141 181 1178 Iam
209 1152 356 1183 nosces,
386 1148 542 1177 ventosa
571 1140 664 1177 ferat
693 1140 752 1177 cui
781 1140 902 1188 gloria
931 1139 1124 1175 fraudem.²

96 1199 214 1244 Dixit,
243 1205 281 1236 at
309 1199 370 1236 illa
398 1198 526 1236 furens
555 1200 706 1248 acrique
736 1211 897 1236 accensa
926 1198 1056 1235 dolore

95 1259 207 1296 tradit
235 1270 375 1307 equum
404 1258 532 1295 comiti
561 1258 792 1307 paribusque
821 1258 958 1294 resistit
987 1258 1025 1294 in
1056 1257 1181 1301 armis,

97 1330 187 1355 ense
215 1318 334 1366 pedes
363 1316 467 1354 nudo
497 1330 666 1366 puraque
696 1318 863 1354 interrita
891 1329 1033 1366 parma.

95 1378 148 1413 At
176 1376 333 1422 iuvenis,
363 1376 497 1413 vicisse
528 1376 617 1413 dolo
646 1383 759 1420 ratus,
792 1376 916 1413 avolat
944 1376 1025 1424 ipse

97 1435 214 1486 (haud
243 1433 368 1484 mora)
398 1436 665 1484 conversisque
689 1434 804 1483 fugax
835 1432 998 1471 aufertur
1027 1434 1185 1471 habenis

96 1494 448 1544 quadripedemque
477 1494 594 1530 citum
623 1493 757 1531 ferrata
787 1493 890 1531 calce
921 1493 1062 1542 fatigat.

97 1553 229 1590 ‘Vane
258 1553 377 1601 Ligus
407 1553 616 1601 frustraque
646 1554 781 1589 animis
811 1553 907 1589 elate
937 1553 1122 1600 superbis,

96 1613 327 1662 nequiquam
357 1613 496 1661 patrias
526 1612 719 1660 temptasti
748 1612 911 1649 lubricus
942 1618 1052 1652 artes,

95 1684 167 1710 nec
196 1672 295 1709 fraus
325 1678 361 1708 te
390 1671 620 1708 ineolumem
651 1670 772 1708 fallaci
801 1670 963 1719 perferet
993 1668 1133 1707 Auno.'

95 1731 208 1768 Haec
236 1730 334 1767 fatur
361 1731 468 1779 virgo
498 1736 535 1767 et
563 1730 782 1779 pernicibus
812 1730 924 1779 ignea
954 1730 1093 1779 plantis

95 1790 227 1828 transit
254 1801 396 1838 equum
425 1801 537 1827 cursu
566 1789 756 1838 frenisque
785 1789 943 1826 adversa
971 1789 1170 1838 prehensis

95 1849 339 1898 congreditur
366 1860 590 1898 poenasque
619 1849 773 1885 inimico
804 1860 851 1886 ex
880 1848 1066 1895 sanguine
1096 1848 1232 1885 sumit:

96 1920 213 1957 quam
241 1907 350 1945 facile
380 1908 560 1957 accipiter
589 1919 682 1944 saxo
713 1919 820 1945 sacer
849 1907 925 1944 ales
955 1907 1002 1943 ab
1031 1907 1107 1943 alto

97 1970 342 2015 consequitur
368 1967 506 2015 pennis
536 1966 738 2003 sublimem
767 1966 806 2002 in
835 1967 937 2002 nube
967 1965 1186 2002 columbam

97 2037 441 2075 comprensamque
471 2032 575 2063 tenet
602 2024 842 2073 pedibusque
872 2025 1054 2061 eviscerat
1083 2024 1215 2069 uncis;

97 2092 180 2122 tum
209 2096 320 2121 cruor
348 2091 385 2121 et
413 2084 543 2121 vulsae
573 2083 749 2120 labuntur
777 2084 826 2119 ab
856 2083 1008 2119 aethere
1036 2082 1201 2131 plumae.

151 2143 203 2180 At
231 2154 311 2179 non
339 2142 433 2180 haec
462 2143 574 2180 nullis
603 2142 804 2178 hominum
834 2149 933 2178 sator
962 2148 1075 2190 atque
1105 2141 1265 2178 deorum

98 2203 306 2240 observans
335 2201 454 2238 oculis
484 2213 637 2239 summo
667 2200 774 2238 sedet
803 2200 899 2237 altus
929 2200 1122 2249 Olympo:

99 2260 341 2310 Tyrrhenum
371 2259 532 2297 Genitor
560 2259 807 2297 Tarchonem
836 2259 874 2295 in
903 2259 1045 2307 proelia
1075 2270 1187 2295 saeva

99 2319 254 2357 suscitat
282 2325 320 2356 et
349 2319 508 2356 stimulis
537 2318 640 2356 haud
668 2318 847 2354 mollibus
876 2318 1006 2354 incitat
1034 2317 1118 2353 iras.

97 2378 203 2426 Ergo
233 2378 329 2414 inter
358 2378 494 2415 caedes
524 2377 775 2425 cedentiaque
807 2377 961 2425 agmina
992 2375 1175 2413 Tarchon

99 2438 213 2475 fertur
242 2449 342 2496 equo
372 2437 558 2486 variisque
588 2437 743 2484 instigat
771 2437 929 2474 vocibus
958 2435 1046 2481 alas,

1418 679 1478 710 700

1416 976 1473 1008 705
