1669 2737
575 501 1058 563 AENEIS.

480 686 723 728 LIBER
776 687 1144 729 DECIMUS.

123 813 327 851 PANDJTUR
356 812 499 850 interea
529 812 668 850 domus
698 812 974 862 omnipotentis
1005 811 1171 861 Olympi,

122 873 402 922 conciliumque
429 879 541 910 vocat
570 872 698 909 divum
727 879 833 921 pater
861 880 974 921 atque
1003 871 1205 909 hominurn
1235 883 1300 908 rex

123 931 309 970 sideream
337 932 377 969 in
405 931 545 977 sedem,
575 937 690 968 terras
718 931 820 968 unde
849 930 986 968 arduus
1016 942 1153 968 omnes

122 998 320 1041 castraque
348 991 613 1029 Dardanidum
641 997 808 1039 aspectat
837 990 1077 1039 populosque
1106 989 1281 1027 Latinos.

123 1049 339 1087 Considunt
366 1050 473 1087 tectis
501 1050 767 1098 bipatentibus.
825 1049 961 1097 Incipit
991 1050 1095 1097 ipse:

123 1108 359 1146 ‘Caelicolae
386 1108 529 1157 magni,
558 1108 739 1156 quianam
769 1109 953 1144 sententia
983 1108 1089 1144 vobis

121 1179 228 1205 versa
254 1174 352 1204 retro
381 1173 606 1215 tantumque
635 1166 770 1203 animis
798 1166 947 1203 certatis
976 1166 1141 1214 iniquis?

121 1227 345 1263 Abnueram
372 1225 473 1262 bello
503 1224 650 1261 Italiam
681 1236 905 1262 concurrere
937 1224 1108 1262 Teucris.

122 1284 236 1332 Quae
263 1291 396 1323 contra
424 1284 577 1321 vetitum
607 1283 819 1321 discordia?
859 1285 942 1332 quis
971 1291 1095 1320 metus
1125 1290 1189 1319 aut
1217 1283 1288 1321 hos

121 1352 185 1383 aut
213 1345 287 1383 hos
315 1356 420 1382 arma
448 1345 555 1393 sequi
583 1344 796 1394 ferrumque
825 1344 1009 1381 lacessere
1043 1344 1182 1380 suasit?

120 1405 308 1442 Adveniet
335 1404 475 1441 iustum
503 1415 655 1452 pugnae
684 1401 749 1453 (ne
777 1402 972 1453 arcessite>
1001 1410 1164 1451 tempus,

121 1476 209 1502 cum
237 1464 316 1501 fera
345 1462 538 1511 Carthago
567 1462 754 1500 Romanis
782 1463 931 1500 arcibus
960 1463 1052 1499 olim

120 1524 277 1563 exitium
303 1535 488 1572 magnum
517 1530 630 1572 atque
659 1522 777 1571 Alpes
807 1523 982 1559 immittet
1009 1529 1184 1571 apertas:

120 1590 201 1621 tum
231 1589 371 1621 certare
401 1582 508 1627 odiis,
537 1589 618 1619 tum
647 1594 706 1618 res
735 1582 906 1631 rapuisse
934 1581 1070 1618 licebit.

121 1643 237 1682 Nunc
266 1644 387 1688 sinite,
417 1649 454 1680 et
482 1642 662 1691 placitum
691 1642 776 1680 laeti
805 1643 1026 1690 componite
1056 1641 1215 1679 foedus?

174 1703 344 1752 Iuppiter
372 1701 465 1739 haec
493 1702 626 1750 paucis
636 1714 646 1747 ;
687 1707 726 1738 at
753 1713 833 1738 non
861 1700 996 1738 Venus
1025 1713 1138 1739 aurea
1166 1707 1298 1738 contra

119 1774 244 1812 pauca
271 1762 402 1800 refert:

175 1821 234 1861 ‘O
263 1822 384 1868 Pater,
414 1834 438 1860 o
466 1822 667 1860 hominum
695 1835 896 1872 rerumque
924 1830 1078 1860 aeterna
1105 1828 1276 1871 potestas

120 1880 303 1932 (namque
331 1881 432 1919 aliud
460 1882 552 1931 quid
579 1882 636 1927 sit,
667 1882 773 1930 quod
801 1882 876 1919 iam
905 1883 1108 1930 implorare
1140 1892 1326 1930 queamus
1340 1879 1380 1930 ?),

120 1942 242 1978 cernis
270 1948 311 1978 ut
339 1940 519 1978 insultent
547 1940 677 1977 Rutuli
705 1940 938 1989 Turnusque
969 1940 1108 1977 feratur

118 2012 188 2049 per
215 2000 363 2038 medios
391 2000 551 2048 insignis
579 2000 689 2048 equis
717 2000 960 2048 tumidusque
991 1999 1161 2037 secundo

119 2058 244 2096 Marte
273 2059 380 2096 ruat?
419 2071 499 2096 non
527 2059 655 2096 clausa
682 2065 816 2108 tegunt
845 2059 920 2095 iarn
952 2059 1106 2095 moenia
1134 2058 1330 2096 Teucros:

119 2118 211 2167 quin
239 2118 336 2155 intra
364 2124 492 2167 portas
520 2125 633 2167 atque
662 2119 754 2167 ipsis
787 2117 931 2167 proelia
958 2119 1121 2155 miscent

118 2178 321 2226 aggeribus
347 2189 543 2215 murorum
571 2186 609 2215 et
636 2177 822 2214 inundant
851 2177 1036 2226 sanguine
1065 2177 1197 2215 fossas.

117 2237 271 2274 Aeneas
298 2238 453 2286 ignarus
483 2239 599 2275 abest.
657 2237 932 2287 Numquamne
961 2237 1072 2274 levari

118 2296 319 2334 obsidione
349 2297 475 2334 sines?
512 2298 628 2334 muris
657 2297 791 2333 iterum
820 2297 992 2333 imminet
1019 2296 1138 2334 hostis

118 2355 309 2392 nascentis
337 2355 491 2401 Troiae,
520 2368 592 2393 nec
621 2367 700 2393 non
729 2356 918 2393 exercitus
948 2356 1050 2400 alter,

119 2421 232 2464 atque
260 2415 394 2453 iterum
424 2416 462 2453 in
491 2415 666 2454 Teucros
695 2415 840 2454 Aetolis
870 2416 986 2464 surgit
1015 2416 1063 2453 ab
1092 2416 1205 2464 Arpis

170 2496 258 2523 VOL.
287 2496 312 2523 1.
793 2495 820 2523 T

1457 1359 1494 1381 10

1454 1955 1493 1976 20
