1669 2737
636 97 804 131 LIBER
834 97 902 132 JV.
940 91 1059 143 1—67.

158 205 335 250 abstulit;
375 205 435 243 ille
463 205 602 243 habeat
631 217 762 243 secum
792 211 990 253 servetque
1020 203 1215 252 sepulcro.'

160 265 223 304 Sic
252 266 366 303 effata
396 267 521 303 sinum
549 266 713 303 lacrimis
743 265 911 314 implevit
940 265 1098 316 obortis.v

212 326 329 363 Anna
357 325 491 363 refert:
533 325 592 363 ‘O
622 325 706 362 luce
735 324 859 372 magis
890 323 1026 360 dilecta
1055 324 1187 368 sorori,

160 384 292 422 solane
321 391 506 433 perpetua
533 396 709 421 maerens
735 395 888 432 carpere
917 383 1079 428 iuventa,

159 455 232 481 nec
261 442 390 480 dulces
420 450 530 480 natos
560 442 722 479 Veneris
752 454 823 479 nec
853 443 1023 491 praemia
1052 442 1182 478 noris?

158 502 197 540 id
227 503 394 545 cinerem
424 510 488 539 aut
516 514 650 539 manes
679 501 801 539 credis
831 513 962 539 curare
992 501 1188 550 sepultos?

159 562 266 609 Esto,
296 569 451 611 aegram
480 559 571 599 nulli
600 561 798 611 quondam
829 561 970 598 flexere
999 562 1134 606 mariti,

159 633 241 659 non
269 621 425 670 Libyae,
456 634 536 659 non
565 628 652 659 ante
683 621 818 669 Tyro3
859 621 1062 669 despectus
1093 620 1223 657 Iarbas

161 681 415 730 ductoresque
445 681 516 725 alii,
547 692 645 729 quos
674 680 805 717 Africa
834 687 930 717 terra
959 679 1159 728 triumphis

161 740 265 779 dives
295 742 385 779 alit:
426 742 619 790 placitone
649 741 762 778 etiam
792 741 982 789 pugnabis
1014 741 1160 777 amori?

161 813 233 838 nec
261 802 362 838 venit
390 802 429 838 in
459 808 638 846 mentem,
669 812 833 849 quorum
863 799 1084 837 consederis
1114 799 1234 837 arvis?

161 859 266 898 Hinc
296 860 482 898 Gaetulae
510 861 632 905 urbes,
663 871 786 907 genus
816 859 1070 908 insuperabile
1100 859 1212 903 bello,

160 927 197 958 et
226 920 418 957 Numidae
445 919 583 956 infreni
613 919 773 968 cingunt
802 927 839 956 et
868 919 1060 967 inhospita
1091 918 1218 967 Syrtis,

160 979 251 1016 hinc
279 979 429 1017 deserta
459 979 518 1016 siti
546 979 652 1027 regio
683 978 832 1026 lateque
863 977 1030 1015 furentes

161 1038 332 1076 Barcaei.
390 1037 495 1084 Quid
522 1037 621 1074 bella
649 1037 757 1086 Tyro
788 1037 982 1085 surgentia
1010 1037 1137 1074 dicam

160 1097 411 1146 germanique
440 1097 587 1133 minas?

161 1153 232 1195 Dis
260 1156 440 1206 equidem
468 1156 686 1205 auspicibus
716 1168 801 1193 reor
830 1162 867 1193 et
897 1156 1046 1193 Iunone
1077 1156 1245 1193 secunda

160 1216 264 1253 hunc
294 1228 445 1253 cursum
477 1215 612 1252 Iliacas
641 1222 754 1252 vento
786 1216 951 1253 tenuisse
982 1216 1140 1252 carinas.

163 1275 293 1322 Quam
323 1284 363 1312 tu
393 1275 535 1320 urbem,
567 1286 685 1320 soror,
717 1274 817 1311 hanc
847 1287 990 1320 cernes,
1022 1287 1120 1324 quae
1150 1287 1303 1323 surgere
1333 1287 1450 1325 regna

161 1335 344 1383 coniugio
374 1334 457 1371 tali!
497 1333 693 1370 Teucrum
723 1334 993 1371 comitantibus
1023 1335 1137 1371 armis

162 1395 308 1431 Punica
337 1406 378 1431 se
408 1393 560 1443 quantis
589 1393 732 1430 attollet
761 1393 882 1441 gloria
910 1394 1045 1443 rebus!

163 1455 227 1492 Tu
255 1454 374 1491 modo
403 1464 522 1502 posce
551 1452 645 1489 deos
675 1453 825 1489 veniam
855 1453 1051 1502 sacrisque
1080 1454 1194 1490 litatis

162 1514 319 1563 indulge
348 1513 513 1562 hospitio
543 1524 756 1560 causasque
785 1512 937 1549 innecte
966 1514 1155 1559 morandi,

163 1574 257 1611 dum
284 1573 432 1622 pelago
453 1572 619 1624 desaevit
648 1571 798 1621 hiemps
828 1578 864 1608 et
893 1583 1060 1621 aquosus
1090 1572 1223 1619 Orion,

163 1639 441 1682 quassataeque
470 1638 581 1676 rates⁷
611 1630 703 1667 dum
733 1642 813 1667 non
843 1631 1036 1668 tractabile
1066 1632 1249 1683 caelum!

124 1697 165 1716 ’Ξ
217 1692 292 1729 His
322 1691 431 1729 dictis
460 1690 660 1727 incensum
689 1690 861 1727 animum
889 1690 1097 1728 flammavit
1126 1704 1266 1738 amore,

163 1763 350 1800 spemque
379 1750 483 1788 dedit
511 1750 650 1787 dubiae
679 1751 798 1786 menti
829 1750 1014 1799 solvitque
1045 1751 1244 1800 pudorem.

163 1811 356 1860 Principio
386 1810 543 1847 delubra
571 1809 714 1846 adeunt
742 1821 956 1859 pacemque
985 1823 1053 1859 per
1081 1823 1165 1848 aras

164 1871 368 1920 exquirunt
379 1883 389 1916 ;
428 1876 598 1906 mactant
626 1868 743 1906 lectas
773 1869 820 1906 de
850 1881 957 1906 more
986 1869 1161 1908 bidentes

163 1929 340 1979 legiferae
370 1928 498 1966 Cereri
528 1928 766 1978 Phoeboque
795 1929 966 1977 patrique
996 1928 1138 1978 Lyaeo,

164 1989 305 2027 Iunoni
335 1996 421 2026 ante
451 2000 599 2034 omnes,
630 1988 690 2025 cui
719 1988 842 2025 vincla
871 1988 1010 2036 iugalia
1040 2001 1164 2027 curae.

165 2049 255 2099 Ipsa
283 2056 418 2086 tenens
447 2048 580 2085 dextra
608 2054 779 2096 pateram
807 2047 1063 2096 pulcherrima
1092 2048 1195 2086 Dido

165 2108 363 2146 candentis
392 2119 531 2145 vaccae
560 2107 688 2144 media
716 2107 812 2143 inter
841 2119 986 2144 cornua
1014 2107 1149 2152 fundit,

165 2173 230 2205 aut
258 2174 346 2204 ante
375 2178 443 2204 ora
473 2166 588 2203 deum
616 2166 779 2215 pingues
809 2166 992 2215 spatiatur
1021 2166 1070 2203 ad
1098 2179 1182 2205 aras

165 2227 424 2275 instauratque
454 2226 556 2263 diem
586 2225 698 2262 donis
727 2226 997 2274 pecudumque
1025 2226 1181 2264 reclusis

167 2286 384 2335 pectoribus
413 2284 562 2322 inhians
592 2285 774 2334 spirantia
803 2285 966 2322 consulit
995 2293 1091 2322 exta.

165 2344 259 2381 *Heu
287 2351 416 2381 vatum
445 2345 600 2392 ignarae
629 2345 799 2381 mentes!
840 2344 933 2392 quid
963 2351 1050 2381 vota
1078 2344 1277 2391 furentem,

167 2403 259 2452 quid
288 2402 443 2440 delubra
470 2404 622 2442 iuvant?
679 2403 749 2440 Est
779 2404 903 2440 mollis
931 2403 1088 2441 flamma
1116 2405 1301 2443 medullas

167 2463 320 2507 interea,
351 2468 388 2499 et
417 2462 573 2500 tacitum
602 2462 689 2500 vivit
718 2463 789 2500 sub
818 2470 971 2511 pectore
1000 2463 1145 2502 vulnus.

220 2544 307 2572 VOL.
335 2544 361 2571 1.
844 2545 869 2573 1.

1470 100 1546 142 145
