1669 2737
597 82 764 117 LIBER
794 83 826 118 J.
858 85 1069 136 4545531-

142 190 323 238 bellatrix,
353 190 543 240 audetque
572 191 657 229 viris
687 203 913 229 concurrere
943 191 1060 239 virgo.

197 249 308 288 Haec
336 249 429 287 dum
457 249 654 288 Dardanio
682 251 838 287 Aeneae
867 249 1041 286 miranda
1070 248 1254 294 videntur,

142 307 235 346 dum
264 314 391 357 stupet
419 309 630 358 obtutuque
659 309 787 346 haeret
817 309 962 346 defixus
993 309 1031 344 in
1061 320 1152 352 uno,

140 367 272 415 regina
301 367 351 404 ad
378 367 576 416 templum,
606 367 729 404 forma
756 367 1010 416 pulcherrima
1039 367 1152 412 Dido,

141 425 294 463 incessit
321 438 465 474 magna
494 427 672 463 iuvenum
701 427 863 475 stipante
894 434 1051 464 caterva.

141 483 276 531 Qualis
304 484 344 521 in
372 484 539 522 Eurotae
567 485 657 534 ripis
687 491 750 522 aut
778 498 846 534 per
874 485 963 534 iuga
993 484 1132 534 Cynthi

141 550 293 581 exercet
321 543 448 581 Diana
476 544 624 587 choros,
658 556 775 593 quam
803 544 904 581 mille
935 552 1088 581 secutae

139 602 229 641 hinc
258 609 372 653 atque
400 603 488 640 hinc
516 603 775 652 glomerantur
805 603 1002 649 Oreades;
1042 604 1105 640 illa
1134 602 1348 652 pharetram

140 661 208 700 fert
235 675 381 709 umero,
410 662 665 711 gradiensque
695 662 785 700 deas
815 663 1072 711 supereminet
1102 674 1262 709 omnes;

140 720 313 759 Latonae
342 722 498 759 tacitum
528 728 783 770 pertemptant
812 722 953 770 gaudia
981 729 1137 770 pectus:

139 780 221 818 talis
250 788 328 819 erat
356 780 472 826 Dido,
501 780 617 818 talem
648 793 689 818 se
718 780 818 818 laeta
847 781 991 819 ferebat

138 851 205 887 per
233 841 392 885 medios,
423 840 568 877 instans
596 839 702 888 operi
730 840 934 889 regnisque
962 840 1107 878 futuris.

139 898 242 936 Tum
271 898 415 936 foribus
444 899 564 944 divae,
594 899 721 936 media
750 911 770 936 e
798 899 988 937 testudine
1017 899 1162 948 templi,

138 965 270 1008 saepta
297 959 412 996 armis
441 958 615 1007 solioque
645 957 717 995 alte
747 959 909 995 subnixa
942 959 1090 996 resedit.

137 1017 227 1056 Iura
254 1018 369 1056 dabat
396 1018 577 1066 legesque
605 1017 700 1062 viris,
730 1029 969 1067 operumque
997 1017 1169 1054 laborem

136 1077 305 1126 partibus
334 1077 523 1126 aequabat
551 1076 656 1114 iustis
685 1083 749 1113 aut
778 1084 877 1114 sorte
907 1076 1092 1120 trahebat,

137 1148 226 1174 cum
255 1137 380 1175 subito
408 1136 562 1174 Aeneas
591 1148 781 1173 concursu
810 1136 991 1173 accedere
1020 1147 1165 1184 magno

136 1196 290 1235 Anthea
318 1197 613 1247 Sergestumque
642 1196 742 1233 videt
770 1195 984 1244 fortemque
1014 1195 1247 1233 Cloanthum

136 1255 452 1306 Teucrorumque
482 1255 587 1300 alios,
617 1260 696 1292 ater
724 1266 821 1303 quos
850 1267 1014 1303 aequore
1043 1255 1153 1291 turbo

136 1314 342 1364 dispulerat
369 1315 595 1364 penitusque
623 1313 715 1350 alias
745 1320 921 1350 avexerat
950 1325 1048 1350 oras.

136 1372 345 1423 Obstupuit
374 1373 485 1411 simul
511 1374 604 1422 ipse,
634 1372 745 1410 simul
774 1384 977 1420 percussus
1007 1372 1172 1409 Achates

133 1431 350 1483 laetitiaque
379 1439 581 1481 metuque:
622 1431 719 1468 avidi
748 1431 979 1479 coniungere
1009 1431 1161 1468 dextras

134 1492 329 1537 ardebant,
360 1491 430 1529 sed
458 1503 518 1528 res
547 1491 697 1528 animos
725 1490 922 1538 incognita
949 1491 1085 1527 turbat.

133 1549 386 1588 Dissimulant
414 1556 451 1587 et
479 1550 582 1586 nube
611 1560 705 1586 cava
734 1547 978 1597 speculantur
1007 1548 1145 1592 amicti,

133 1621 231 1658 quae
260 1609 412 1646 fortuna
438 1609 536 1653 viris,
567 1608 727 1645 classem
756 1619 833 1656 quo
862 1607 967 1644 litore
997 1607 1181 1656 linquant,

133 1668 225 1717 quid
253 1668 433 1705 veniant:
474 1667 621 1705 cunctis
650 1677 741 1702 nam
769 1665 855 1703 lecti
885 1666 1044 1703 navibus
1074 1665 1178 1702 ibant

133 1733 286 1765 orantes
314 1727 478 1773 veniam,
507 1732 544 1763 et
571 1725 757 1774 templum
786 1724 952 1762 clamore
980 1725 1173 1773 petebant.

186 1786 398 1835 Postquam
426 1784 646 1833 introgressi
675 1790 711 1821 et
739 1795 870 1821 coram
899 1783 986 1820 data
1015 1783 1128 1832 copia
1156 1782 1269 1827 fandi,

131 1845 322 1882 maximus
350 1844 520 1882 Ilioneus
548 1843 699 1892 placido
729 1842 783 1881 sic
813 1849 969 1891 pectore
997 1842 1148 1891 coepit:

133 1902 193 1941 ‘O
222 1903 365 1952 regina,
394 1914 535 1940 novam
563 1901 624 1940 cui
651 1901 819 1939 condere
849 1901 1018 1949 Iuppiter
1046 1901 1180 1937 urbem

132 1962 345 2012 iustitiaque
375 1961 478 1999 dedit
505 1967 640 2010 gentes
669 1960 817 1997 frenare
846 1961 1043 2008 superbas,

132 2021 258 2060 Troes
285 2028 323 2059 te
350 2021 490 2066 rniseri,
517 2020 640 2057 ventis
667 2019 787 2056 maria
815 2019 947 2056 omnia
976 2018 1084 2063 vecti,

132 2092 305 2118 oramus:
342 2079 502 2129 prohibe
530 2078 709 2116 infandos
738 2090 760 2115 a
789 2078 947 2115 navibus
976 2078 1096 2125 ignes,

131 2152 244 2188 parce
272 2140 337 2188 pio
364 2139 507 2188 generi,
536 2144 574 2175 et
600 2138 759 2187 propius
788 2148 847 2174 res
876 2136 1004 2185 aspice
1034 2142 1194 2172 nostras.

131 2197 224 2235 Non
252 2210 325 2235 nos
353 2203 417 2235 aut
444 2197 544 2234 ferro
572 2196 739 2245 Libycos
767 2194 950 2244 populare
978 2200 1136 2242 penates

130 2257 302 2294 venimus
331 2263 394 2293 aut
422 2263 549 2305 raptas
577 2255 626 2292 ad
653 2255 762 2292 litora
789 2260 931 2291 vertere
960 2251 1145 2302 praedas;

132 2327 211 2353 non
238 2327 284 2352 ea
311 2315 366 2352 vis
393 2315 524 2351 animo
552 2326 624 2351 nec
652 2320 757 2350 tanta
785 2311 963 2361 superbia
990 2311 1104 2348 victis.

130 2373 200 2412 Est
227 2373 344 2419 locus,
377 2373 606 2421 Hesperiam
636 2371 741 2409 Graii
769 2370 1002 2419 cognomine
1036 2369 1177 2413 dicunt,

130 2440 228 2470 terra
255 2432 420 2481 antiqua,
448 2439 587 2482 potens
614 2431 729 2468 armis
757 2437 870 2478 atque
898 2429 1012 2466 ubere
1039 2428 1224 2478 glaebae;

183 2513 270 2541 VOL.
289 2513 315 2540 1.
803 2512 830 2538 H

1475 90 1526 130 97

1464 323 1524 352 495

1463 912 1521 943 505

1460 1211 1523 1242 510

1456 1505 1517 1537 515

1455 1798 1517 1831 5²0

1452 2093 1511 2124 525

1448 2385 1512 2416 530
