1669 2737
466 86 681 121 ECLOGA
721 86 783 122 VI.
815 86 1044 133 49—VJJ.
1079 94 1145 135 34.
1452 87 1501 131 15

590 265 884 308 ECLOGA
923 267 1028 309 VII.

381 395 621 436 Mar-mortus.
733 395 766 434 C
773 408 935 435 oRYDON.
1048 395 1228 434 Tni'Rsrs.

164 493 227 531 M.
255 494 391 534 FORTE
419 497 489 534 sub
518 501 651 546 arguta
680 495 905 534 consederat
933 495 1017 532 ilice
1045 494 1234 544 Daphnis,

111 554 452 604 compulerantque
481 568 616 604 greges
646 554 829 604 Corydon
858 561 895 591 et
924 555 1083 604 Thyrsis
1111 555 1150 590 in
1179 565 1311 599 unum,

112 611 270 661 Thyrsis
298 626 401 659 oves,
431 613 615 663 Corydon
645 614 827 651 distentas
857 613 955 651 lacte
986 613 1164 662 capellas,

111 672 226 709 ambo
256 672 435 711 florentes
463 674 662 719 aetatibus,
692 673 864 710 Arcades
893 673 1022 719 ambo,

110 737 148 767 et
176 739 328 769 cantare
356 745 466 781 pares
495 740 532 770 et
560 732 792 781 respondere
820 732 954 781 parati.
1482 746 1499 776 5

111 788 202 828 Huc
231 791 334 837 mihi,
365 792 458 829 dum
486 798 634 829 teneras
665 791 830 829 defendo
860 804 883 829 a
911 791 1051 841 frigore
1080 797 1236 840 myrtos,

110 852 164 889 vir
191 853 318 902 gregis
346 854 426 902 ipse
456 866 570 902 caper
600 853 858 900 deerraverat;
899 860 1013 902 atque
1043 865 1117 902 ego
1146 852 1345 901 Daphnim

72 917 76 920 ”
110 912 266 961 aspicio.
322 913 389 950 Ille
417 913 483 950 ubi
511 925 574 949 me
603 921 737 950 contra
765 913 877 958 videt,
909 911 1072 958 ‘Ocius,’
1102 912 1234 961 inquit,

112 970 209 1009 ‘hue
236 972 339 1017 ades,
368 984 392 1010 o
423 972 637 1018 Meliboee;
678 985 790 1021 caper
819 973 885 1009 tibi
915 972 1038 1009 salvus
1067 979 1104 1009 et
1132 971 1270 1017 haedi3

111 1039 159 1077 et,
189 1032 219 1068 si
247 1031 340 1080 quid
369 1043 516 1069 cessare
544 1039 666 1080 potes,
697 1032 892 1080 requiesce
921 1032 992 1069 sub
1022 1032 1168 1068 umbra.
1463 1045 1502 1067 10

110 1090 200 1128 Huc
230 1091 301 1140 ipsi
329 1098 465 1140 potum
492 1091 644 1128 venient
673 1103 742 1139 per
769 1098 879 1139 prata
909 1090 1080 1136 iuvenci3

109 1149 170 1187 hic
198 1150 333 1187 virides
361 1157 493 1187 tenera
522 1150 708 1199 praetexit
737 1150 949 1187 harundine
977 1150 1078 1199 ripas

110 1208 287 1255 Mincius,
318 1221 415 1258 eque
444 1221 552 1246 sacra
580 1216 761 1246 resonant
790 1210 968 1246 examina
998 1207 1162 1258 quercu?

110 1269 215 1314 Quid
244 1268 434 1306 facerem?
474 1281 599 1318 neque
629 1281 703 1317 ego
732 1269 926 1318 Alcippen
955 1281 1026 1306 nec
1056 1267 1227 1316 Phyllida
1256 1266 1459 1312 habebam,

111 1328 290 1378 depulsos
319 1340 342 1366 a
369 1328 465 1366 lacte
494 1329 599 1365 domi
628 1340 726 1377 quae
756 1328 947 1365 clauderet
976 1340 1110 1377 agnos,
1463 1342 1473 1362 ι
1482 1343 1498 1372 5

110 1395 147 1425 et
175 1396 368 1425 certarnen
397 1394 480 1425 erat
509 1387 693 1437 Corydon
722 1400 810 1425 cum
841 1388 1029 1437 Thyrside
1058 1398 1256 1436 magnum.

110 1447 319 1485 Posthabui
348 1454 479 1484 tamen
507 1447 657 1484 illorum
685 1460 773 1484 mea
801 1448 898 1484 seria
925 1443 1028 1485 ludo.

110 1507 274 1544 Alternis
302 1506 414 1556 igitur
442 1506 674 1544 contendere
703 1507 872 1543 versibus
903 1507 1020 1543 ambo

110 1578 295 1615 coepere;
336 1566 502 1603 alternos
533 1565 669 1603 Musae
699 1566 919 1603 meminisse
948 1565 1140 1603 volebant.

110 1626 197 1663 Hos
227 1625 421 1674 Corydon,
450 1625 534 1662 illos
562 1625 749 1663 referebat
777 1626 816 1662 in
846 1626 979 1663 ordine
1009 1625 1180 1674 Thyrsis.
1463 1640 1503 1662 20

167 1684 210 1723 C.
240 1684 458 1734 Nymphae,
488 1692 619 1722 noster
647 1698 768 1731 amor,
798 1685 1047 1730 Libethrides,
1078 1693 1143 1722 aut
1171 1683 1264 1721 mihi
1292 1695 1449 1721 carmen

111 1745 221 1794 quale
250 1756 339 1781 meo
369 1744 498 1782 Codro
529 1745 729 1782 concedite
760 1744 950 1795 (proxima
979 1744 1126 1782 Phoebi

110 1804 278 1841 versibus
305 1803 365 1840 ille
393 1802 499 1853 facit)
529 1810 603 1851 aut,
635 1803 665 1841 si
694 1816 775 1841 non
804 1816 1009 1853 possumus
1038 1815 1186 1849 omneS‚

110 1863 172 1901 hic
200 1869 334 1912 arguta
361 1874 469 1900 sacra
496 1862 680 1911 pendebit
709 1862 831 1900 fistula
859 1864 963 1912 pinu.

170 1922 212 1961 Τ.
241 1922 428 1967 Pastores,
457 1922 600 1959 hedera
629 1929 865 1960 crescentem
894 1928 1024 1960 ornate
1053 1930 1219 1971 poetam,
1466 1937 1502 1968 25

111 1982 295 2026 Arcades,
323 1981 465 2018 invidia
492 1989 716 2030 rumpantur
743 1989 784 2019 ut
813 1983 876 2020 ilia
904 1982 1062 2028 Codr03

112 2049 188 2087 aut,
217 2042 248 2078 si
275 2040 370 2078 ultra
398 2041 581 2090 placitum
608 2041 777 2086 laudarit,
807 2042 968 2079 baccare
997 2041 1162 2079 frontem

113 2101 262 2149 cingite,
291 2112 342 2138 ne
369 2101 444 2138 vati
472 2107 611 2138 noceat
638 2101 739 2137 mala
767 2101 898 2149 lingua
927 2101 1065 2137 futuro.

170 2159 214 2198 C.
245 2159 393 2197 Saetosi
422 2166 535 2208 caput
563 2160 638 2198 hoc
667 2160 749 2209 apri
778 2160 856 2205 tibi,
886 2159 1006 2205 Delia,
1037 2170 1177 2208 parvos

113 2227 152 2257 et
178 2231 332 2256 ramosa
360 2218 495 2256 Micon
523 2219 660 2256 vivacis
690 2231 835 2256 cornua
864 2219 973 2256 cervi.
1464 2235 1505 2264 30

115 2278 155 2316 Si
182 2279 380 2328 proprium
408 2278 483 2316 hoc
511 2278 634 2324 fuerit,
664 2279 735 2315 levi
765 2279 811 2315 de
841 2289 1032 2314 marmore
1061 2284 1143 2314 tota

114 2339 278 2388 puniceo
308 2337 425 2375 stabis
453 2349 559 2375 suras
588 2338 735 2374 evincta
765 2337 965 2374 cothurno.

174 2396 217 2433 T.
247 2396 381 2434 Sinum
409 2396 514 2433 lactis
543 2403 580 2433 et
608 2396 704 2433 haec
732 2403 768 2433 te
798 2396 883 2438 liba,
914 2395 1061 2445 Priape,
1091 2397 1297 2446 quotannis

116 2459 337 2501 exspectare
367 2459 424 2489 sat
452 2458 531 2489 est:
573 2459 702 2489 custos
731 2463 772 2488 es
802 2455 978 2501 pauperis
1004 2453 1118 2491 horti.
