1669 2737
140 84 222 127 332
714 79 936 114 AENEJS.

107 219 109 221 ,
139 186 269 223 detulit
279 199 289 233 3
328 186 403 224 hoc
434 187 559 225 fusum
588 187 701 225 labris
731 187 1019 236 splendentibus
1050 197 1204 223 amnem

139 245 255 282 inficit
284 245 434 282 occulte
463 246 660 284 medicans
691 247 908 295 spargitque
937 246 1102 283 salubres

140 304 354 340 ambrosiae
384 316 498 342 sucos
529 311 565 342 et
594 305 825 342 odoriferam
854 316 1079 353 panaceam.

140 361 251 399 Fovit
279 374 325 398 ea
353 363 488 401 vulnus
518 363 674 413 lympha
703 364 912 412 longaevus
941 362 1061 412 Iapyx

140 421 332 469 ignorans,
363 422 567 470 subitoque
597 423 723 460 omnis
752 423 799 459 de
829 433 989 470 corpore
1015 421 1112 469 fugit

141 482 283 529 quippe
314 480 434 525 dolor,
465 481 591 518 omnis
621 483 721 518 stetit
750 483 829 518 imo
858 481 1010 517 vulnere
1040 480 1226 529 sanguis;

140 541 294 589 iamque
323 547 454 578 secuta
482 552 640 577 manum
669 541 772 578 nullo
802 548 967 589 cogente
998 541 1136 589 sagitta

141 601 293 646 excidit,
323 607 436 650 atque
466 612 588 637 novae
617 600 760 637 rediere
789 600 827 636 in
858 599 1016 647 pristina
1045 600 1151 637 vires.

143 660 285 696 ‘Arma
313 659 375 696 citi
404 665 605 708 properate
635 659 736 704 vir0;
782 659 874 707 quid
903 658 1055 695 statis?'
1096 658 1217 707 Iapyx

141 720 356 757 conclamat
383 719 606 767 primusque
636 718 785 754 animos
814 717 988 754 accendit
1017 718 1056 754 in
1085 717 1248 755 hostem.

144 778 257 816 ‘Non
285 778 379 814 haec
408 777 584 813 humanis
613 776 761 824 opibus,
792 788 872 812 non
902 783 980 813 arte
1008 777 1191 825 magistra

141 837 367 887 proveniunt
395 847 519 884 neque
550 842 596 880 te,
627 836 772 880 Aenea,
802 847 888 871 mea
917 834 1070 872 dextera
1101 842 1244 872 servat:

141 898 262 933 maior
291 896 369 944 agit
398 895 491 931 deus
521 901 636 943 atque
665 906 783 943 opera
813 894 861 931 ad
890 895 1036 932 maiora
1065 893 1243 932 remittit.'

142 956 209 992 Ille
238 955 373 991 avidus
401 966 554 1002 pugnae
585 965 689 990 suras
720 952 922 989 incluserat
951 965 1044 989 auro

140 1015 230 1051 hinc
260 1020 373 1062 atque
401 1013 490 1050 hinc
518 1013 675 1061 oditque
704 1023 833 1049 moras
863 1011 1089 1060 hastamque
1125 1018 1309 1048 coruscat.

141 1073 351 1122 Postquam
379 1071 513 1109 habilis
542 1071 646 1108 lateri
675 1071 817 1120 clipeus
845 1070 1039 1119 loricaque
1069 1077 1178 1119 tergo
1206 1076 1274 1115 est,

142 1133 351 1169 Ascanium
380 1131 472 1168 fusis
502 1131 643 1168 circum
673 1130 937 1179 complectitur
967 1130 1081 1167 armis

143 1203 368 1240 summaque
398 1203 466 1240 per
494 1190 642 1239 galeam
673 1190 844 1227 delibans
873 1189 1006 1227 oscula
1034 1189 1154 1226 fatur:

143 1250 291 1295 ‘Disce‚
320 1262 424 1299 puer,
454 1250 629 1287 virtutem
659 1261 705 1286 ex
735 1261 797 1286 me
823 1260 1030 1297 verumque
1059 1248 1244 1294 laborem,

140 1310 333 1347 fortunam
362 1322 409 1347 ex
439 1309 531 1347 aliis.
590 1308 704 1346 Nunc
734 1316 770 1346 te
799 1321 887 1345 mea
916 1308 1074 1345 dextera
1101 1307 1201 1344 bello

141 1369 342 1406 defensum
372 1369 476 1406 dabit
505 1375 541 1406 et
570 1381 709 1417 magna
738 1369 836 1405 inter
864 1367 1033 1417 praemia
1063 1366 1190 1404 ducet.

141 1428 204 1464 Tu
233 1428 359 1473 facito,
389 1440 481 1465 mox
511 1440 598 1465 cum
628 1435 774 1464 matura
804 1426 1008 1464 adoleverit
1038 1432 1150 1471 aetas,

141 1488 192 1526 sis
220 1499 380 1532 memor,
410 1493 447 1525 et
475 1493 512 1525 te
542 1488 670 1525 animo
699 1493 933 1535 repetentem
964 1486 1137 1534 exempla
1168 1492 1321 1523 tuorum

141 1553 177 1583 et
206 1553 312 1594 pater
341 1548 493 1583 Aeneas
522 1553 558 1584 et
588 1546 797 1583 avunculus
827 1546 963 1583 excitet
993 1544 1162 1582 Hector!

195 1605 306 1642 Haec
335 1606 399 1642 ubi
431 1606 531 1643 dicta
560 1605 672 1649 dedit,
703 1606 822 1654 portis
852 1617 934 1641 sese
965 1603 1097 1641 extulit
1127 1604 1274 1652 ingens,

141 1664 258 1702 telum
287 1664 456 1701 immane
485 1676 600 1701 manu
631 1665 832 1713 quatiens3
873 1663 984 1700 simul
1014 1663 1167 1711 agmine
1198 1663 1319 1699 denso

141 1724 391 1771 Antheusque
422 1722 726 1772 Mnestheusque
755 1729 868 1759 ruunt
897 1722 1100 1770 omnisque
1130 1721 1266 1758 relictis

140 1783 251 1819 turba
277 1782 359 1818 fluit
388 1782 540 1819 castris:
583 1789 664 1819 tum
694 1793 812 1819 caeco
842 1781 997 1829 pulvere
1026 1791 1186 1828 campus

141 1842 320 1878 miscetur
348 1841 535 1890 pulsuque
565 1841 708 1889 pedum
739 1840 863 1877 tremit
893 1839 1017 1876 excita
1044 1839 1164 1876 tellus.

141 1901 246 1937 Vidit
275 1901 323 1936 ab
353 1901 517 1937 adverso
547 1901 743 1937 venientes
773 1911 912 1948 aggere
941 1897 1109 1943 Turnus,

142 1960 269 1996 videre
297 1959 472 2004 Ausonii,
502 1960 725 2008 gelidusque
755 1970 823 2007 per
852 1958 930 1994 ima
959 1958 1124 1994 cucurrit

143 2031 232 2056 ossa
261 2026 426 2056 tremor:
466 2020 588 2068 prima
617 2026 705 2055 ante
735 2029 872 2055 omnes
901 2016 1060 2053 Iuturna
1089 2015 1250 2053 Latinos

143 2078 260 2115 audiit
289 2079 521 2127 agnovitque
551 2090 691 2115 sonum
721 2084 757 2114 et
786 2075 1006 2113 tremefacta
1035 2074 1184 2123 refugit.

144 2137 211 2174 Ille
240 2137 341 2173 volat
370 2149 588 2186 campoque
618 2145 740 2174 atrum
768 2136 864 2184 rapit
893 2146 1033 2183 agmen
1063 2139 1205 2182 aperto.

145 2196 279 2242 Qualis
309 2196 372 2233 ubi
403 2197 452 2233 ad
481 2203 598 2233 terras
627 2197 791 2244 abrupto
823 2194 943 2231 sidere
973 2193 1126 2229 nimbus

145 2256 172 2293 it
200 2267 304 2292 mare
331 2268 399 2304 per
428 2256 599 2293 medium
629 2255 793 2305 (miseris
822 2254 895 2290 heu
925 2253 1096 2301 praescia
1125 2251 1242 2299 longe

145 2315 368 2352 horrescunt
397 2315 515 2351 corda
543 2314 739 2363 agricolis:
781 2313 884 2351 dabit
913 2312 971 2349 ille
1000 2312 1127 2348 ruinas

147 2375 343 2412 arboribus
372 2381 613 2423 stragemque
643 2375 744 2419 satis,
773 2380 855 2410 ruet
883 2373 1013 2409 omnia
1042 2369 1154 2419 late);

148 2442 235 2472 ante
263 2434 390 2471 volant
420 2434 664 2483 sonitumque
695 2433 816 2470 ferunt
844 2431 893 2469 ad
922 2432 1031 2469 litora
1059 2429 1181 2467 venti:

1463 375 1526 407 420

1463 671 1524 703 425

1462 965 1527 995 450

1463 1262 1524 1293 435

1461 1558 1527 1588 440

1467 1853 1529 1886 445

1469 2144 1535 2179 450

1470 2444 1533 2478 455
