1669 2737
598 75 767 109 LIBER
796 76 828 110 J.
861 69 998 132 638‘7
1003 70 1071 122 56.

152 183 308 229 incensi,
338 189 376 221 et
404 190 558 221 noctem
588 183 753 220 flammis
783 183 923 220 funalia
951 184 1116 221 vincunt.

153 242 231 279 Hic
259 242 391 291 regina
419 255 575 292 gravem
603 243 768 292 gemmis
797 255 966 292 auroque
996 244 1176 293 poposcit

150 300 396 350 implevitque
424 314 531 339 mero
560 309 740 351 pateram,
771 314 887 351 quam
916 301 1030 339 Belus
1059 309 1095 340 et
1124 314 1259 340 omnes

152 373 174 397 a
202 361 298 399 Belo
327 362 450 407 soliti;
491 369 571 399 tum
600 362 700 399 facta
729 362 876 399 silentia
903 362 1035 399 tectis:

151 420 355 470 ‘Iuppiter,
385 421 596 470 hospitibus
625 433 717 457 nam
746 428 782 458 te
811 420 900 457 dare
930 421 1009 458 iura
1038 422 1254 470 loquuntur,

150 478 252 517 hunc
282 479 422 517 laetum
452 479 654 528 Tyriisque
685 480 786 516 diem
816 479 1012 528 Troiaque
1042 480 1222 530 profectis

149 549 234 575 esse
263 538 366 583 velis,
396 545 627 587 nostrosque
655 538 766 575 huius
795 539 1015 576 meminisse
1044 539 1224 576 minores.

149 596 262 634 Adsit
290 597 450 634 laetitiae
480 597 654 635 Bacchus
685 597 793 634 dator
821 605 858 635 et
886 598 990 634 bona
1020 597 1120 635 Iuno
1135 612 1145 644 3

149 662 187 692 et
214 668 283 693 vos
312 668 337 694 o
366 664 532 701 coetum,
562 656 679 705 Tyrii,
709 656 896 693 celebrate
925 656 1116 694 faventes?

148 714 266 760 Dixit,
295 722 332 752 et
360 715 399 752 in
428 727 602 752 mensam
631 715 786 752 laticum
814 715 942 752 libavit
971 715 1169 761 honorem,

147 774 347 823 primaque
376 774 492 811 libato
521 786 674 812 summo
704 781 815 811 tenus
844 775 965 823 attigit
994 786 1083 819 ore;

147 841 230 870 tum
258 833 378 870 Bitiae
408 833 512 871 dedit
540 834 794 882 increpitans;
834 833 895 870 ille
923 834 1085 883 impiger
1115 833 1237 871 hausit

148 899 393 941 spumantem
421 899 592 942 pateram
622 900 658 930 et
686 893 801 942 pleno
831 904 872 931 se
900 893 1041 941 proluit
1069 902 1183 937 auro;

147 962 236 1002 post
264 954 325 991 alii
353 966 540 1004 proceres.
599 953 753 991 Cithara
782 954 938 992 crinitus
966 954 1083 1004 Iopas

147 1020 327 1061 personat
355 1020 493 1057 aurata,
524 1013 654 1050 docuit
683 1026 797 1062 quem
826 1014 1018 1051 maximus
1048 1013 1165 1051 Atlas.

149 1071 226 1109 Hic
255 1072 356 1110 canit
385 1078 571 1109 errantem
601 1073 731 1109 lunam
761 1072 928 1122 solisque
957 1073 1117 1117 labores,

146 1131 249 1168 unde
278 1131 478 1168 hominum
507 1144 629 1180 genus
659 1139 696 1169 et
724 1132 907 1181 pecudes,
937 1132 1040 1169 unde
1069 1132 1190 1168 imber
1218 1139 1253 1169 et
1284 1133 1404 1181 ignes,

147 1191 352 1227 Arcturum
380 1191 599 1240 pluviasque
629 1190 790 1241 Hyadas
819 1191 1072 1240 geminosque
1101 1191 1278 1234 Triones,

148 1249 241 1298 quid
269 1256 419 1287 tantum
447 1249 608 1287 Oceano
638 1256 844 1299 properent
874 1262 913 1287 se
939 1250 1084 1300 tingere
1112 1250 1214 1288 soles

147 1309 306 1353 hiberni,
335 1308 393 1346 vel
422 1320 520 1357 quae
550 1308 666 1346 tardis
693 1321 801 1346 mora
829 1310 1007 1346 noctibus
1037 1310 1172 1346 obstet.

148 1367 395 1416 Ingeminant
423 1367 559 1417 plausu
588 1367 706 1417 Tyrii.
737 1367 937 1417 Troesque
967 1375 1186 1417 sequuntur.

148 1427 233 1465 Nec
262 1438 342 1464 non
372 1433 409 1464 et
436 1428 540 1464 vario
569 1434 723 1464 noctem
753 1439 930 1465 sermone
961 1428 1131 1465 trahebat

148 1486 278 1524 infelix
306 1485 420 1530 Dido,
450 1485 686 1535 longumque
715 1486 870 1523 bibebat
900 1498 1082 1532 amorem,

148 1546 266 1583 multa
294 1556 406 1593 super
434 1544 585 1582 Priamo
614 1545 795 1594 rogitans,
825 1557 939 1593 super
968 1544 1139 1582 Hectore
1169 1546 1297 1591 multa,

149 1617 264 1650 nunc,
293 1604 430 1653 quibus
457 1603 632 1640 Aurorae
661 1604 824 1641 venisset
853 1604 950 1641 filius
978 1605 1105 1649 armis,

149 1676 264 1709 nunc,
293 1663 424 1713 quales
453 1662 654 1701 Diomedis
683 1664 782 1712 equi,
812 1675 925 1708 nunc,
957 1671 1122 1712 quantus
1151 1665 1328 1703 Achilles.

150 1724 300 1762 ‘Immo
329 1734 412 1772 age,
443 1728 479 1760 et
508 1735 530 1759 a
558 1723 693 1771 prima,
723 1723 796 1768 dic,
825 1723 978 1772 hospes,
1009 1724 1156 1772 origine
1187 1725 1298 1762 nobis

149 1781 324 1821 insidias’
354 1782 475 1831 inquit
504 1781 707 1819 ‘Danaum
735 1794 923 1832 casusque
951 1789 1105 1820 tuorum

150 1853 373 1891 erroresque
401 1848 499 1879 tuos.
555 1840 658 1879 Nam
687 1848 723 1879 te
753 1842 829 1879 iam
859 1843 1020 1891 septima
1050 1850 1176 1892 portat

151 1902 331 1940 omnibus
359 1908 546 1940 errantem
575 1902 680 1939 terris
710 1909 747 1939 et
774 1901 950 1940 fluctibus
980 1903 1126 1940 aestas!

1465 83 1540 124 103

1477 970 1537 1003 740

1475 1267 1532 1299 745

1477 1563 1538 1595 750
