1669 2737
140 87 163 116 2
173 88 223 126 14
717 82 752 116 A
757 82 940 117 ENEIS.

139 190 335 227 advenisse
367 190 479 235 diem,
510 202 587 239 quo
618 189 744 228 debita
772 191 926 228 moenia
955 190 1133 228 condant.

140 249 321 287 Certatim
350 250 561 287 instaurant
590 251 722 299 epulas
752 258 865 299 atque
895 251 1024 288 omine
1054 261 1198 299 magno

140 315 301 346 crateras
330 309 416 346 laeti
445 316 614 346 statuunt
643 316 679 345 et
708 309 795 346 vina
824 317 1021 347 coronant.

194 367 350 405 Postera
378 380 466 405 cum
495 369 616 417 prima
645 368 828 405 lustrabat
856 369 1034 418 lampade
1063 375 1180 406 terras

141 434 221 465 orta
249 428 339 473 dies,
368 429 502 465 urbem
532 436 568 465 et
598 429 693 465 fines
722 436 759 465 et
785 428 895 466 litora
923 429 1047 477 gentis

140 488 273 526 diversi
303 490 522 538 explorant:
562 490 657 527 haec
686 489 802 527 fontis
832 498 966 539 stagna
996 490 1163 532 Numici,

140 548 242 585 hunc
272 549 458 597 Thybrim
487 549 654 593 fluvium,
684 548 745 586 hic
775 549 890 586 fortes
919 549 1089 586 habitare
1120 549 1289 586 Latinos.

140 606 244 643 Tum
274 613 376 644 satus
406 607 575 644 Anchisa
603 607 770 645 delectos
800 608 934 645 ordine
963 609 1011 645 ab
1040 609 1145 645 omni

139 672 291 702 centum
321 673 491 703 oratores
521 673 682 715 augusta
711 667 759 703 ad
788 667 942 704 moenia
970 668 1069 716 regis

140 726 191 763 ire
220 727 332 771 iubet,
362 727 476 764 ramis
505 727 648 765 velatos
677 727 839 764 Palladis
868 739 1014 772 omnes,

140 787 317 835 donaque
347 786 440 824 ferre
470 787 549 824 viro
579 799 792 837 pacemque
822 799 1030 835 exposcere
1061 787 1232 825 Teucris.

140 845 257 882 Haud
285 857 404 890 mora,
436 845 614 883 festinant
643 846 733 884 iussi
762 847 978 894 rapidisque
1008 846 1174 883 feruntur

139 904 324 953 passibus.
382 904 470 953 Ipse
500 905 631 941 humili
661 905 834 953 designat
863 905 1015 942 moenia
1044 905 1148 943 fossa

138 964 366 1012 moliturque
394 964 522 1001 locum
550 965 766 1013 primasque
795 966 834 1001 in
861 964 968 1001 litore
999 965 1108 1002 sedes

138 1030 348 1059 castrorum
376 1023 415 1059 in
444 1035 590 1059 morem
620 1024 747 1072 pinnis
777 1030 890 1072 atque
921 1035 1060 1072 aggere
1089 1023 1217 1071 cingit.

139 1081 297 1131 Iamque
325 1082 394 1118 iter
424 1083 569 1119 emensi
598 1090 717 1120 turres
747 1094 791 1120 ac
820 1089 920 1119 tecta
948 1082 1172 1119 Latinorum

138 1140 254 1177 ardua
284 1141 490 1177 cernebant
518 1141 672 1178 iuvenes
703 1153 888 1188 muroque
919 1141 1105 1178 subibant.

136 1201 237 1236 Ante
266 1199 400 1236 urbem
429 1199 534 1247 pueri
564 1206 600 1236 et
629 1200 823 1248 primaevo
852 1199 944 1236 flore
973 1200 1145 1236 iuventus

137 1264 360 1295 exercentur
390 1258 497 1306 equis
527 1258 792 1308 domitantque
821 1258 860 1294 in
889 1258 1042 1306 pulvere
1073 1269 1203 1294 currus

136 1324 200 1354 aut
229 1329 335 1354 acres
365 1316 526 1353 tendunt
556 1329 666 1354 arcus
696 1325 760 1354 aut
788 1317 887 1354 lenta
916 1316 1064 1354 lacertis

136 1376 281 1425 spicula
311 1383 564 1424 contorquent
593 1388 779 1425 cursuque
810 1376 961 1424 ictuque
991 1376 1205 1413 lacessunt:

136 1448 224 1474 curn
253 1444 475 1485 praevectus
505 1448 606 1485 equo
636 1436 812 1484 longaevi
841 1436 940 1484 regis
971 1436 1020 1472 ad
1049 1447 1159 1472 aures

136 1496 289 1532 nuntius
319 1497 495 1544 ingentes
526 1497 657 1544 ignota
687 1496 726 1532 in
755 1503 858 1532 veste
887 1501 1056 1543 reportat

136 1555 334 1592 advenisse
364 1555 473 1591 viros.
532 1554 598 1591 Ille
628 1556 724 1592 intra
752 1561 852 1591 tecta
881 1554 1007 1591 vocari

136 1616 296 1664 imperat
324 1622 360 1651 et
390 1615 485 1651 solio
516 1615 664 1652 medius
694 1614 867 1652 consedit
897 1615 1008 1651 avito.

136 1673 301 1711 Tectum
330 1682 532 1722 augustum
562 1675 712 1722 ingens,
744 1681 897 1711 centum
926 1673 1087 1711 sublime
1117 1673 1314 1718 columnis,

134 1734 227 1770 urbe
257 1732 322 1769 fuit
352 1745 513 1777 summa,
544 1732 742 1769 Laurentis
772 1733 876 1781 regia
904 1732 994 1776 Pici,

135 1791 370 1829 horrendum
400 1792 500 1829 silvis
529 1798 566 1828 et
595 1792 777 1841 religione
807 1798 1018 1840 parentum,

137 1852 213 1890 Hic
243 1859 392 1901 sceptra
422 1854 593 1901 accipere
623 1859 658 1889 et
687 1853 833 1901 primos
863 1851 1032 1888 attollere
1062 1850 1185 1888 fasces

136 1913 287 1961 regibus
316 1924 432 1949 omen
462 1919 569 1957 erat,
606 1911 680 1949 hoc
710 1911 778 1949 illis
809 1911 912 1948 curia
940 1909 1137 1958 templum,

136 1971 208 2008 hae
238 1972 353 2008 sacris
384 1971 494 2008 sedes
524 1970 656 2019 epulis,
687 1970 747 2007 hic
777 1970 890 2006 ariete
921 1981 1035 2006 caeso

137 2032 328 2080 perpetuis
359 2032 455 2068 soliti
485 2038 612 2079 patres
642 2030 842 2067 considere
872 2029 1025 2067 mensis.

137 2091 243 2138 Quin
271 2092 383 2128 etiam
411 2097 581 2128 veterum
611 2090 755 2139 effigies
784 2102 832 2127 ex
861 2089 993 2126 ordine
1022 2100 1180 2125 avorum

136 2151 292 2199 antiqua
321 2163 341 2187 e
371 2150 496 2196 cedro,
527 2150 721 2199 Italusque
751 2157 933 2199 paterque
963 2148 1123 2185 Sabinus

137 2211 313 2255 vitisator,
345 2222 498 2247 curvam
529 2222 681 2247 servans
711 2210 782 2247 sub
811 2209 977 2257 imagine
1005 2207 1153 2253 falcem,

138 2270 396 2319 Saturnusque
427 2282 543 2307 senex
573 2269 733 2318 Ianique
762 2268 935 2306 bifrontis
964 2268 1091 2315 imago

137 2328 322 2366 vestibulo
352 2329 538 2373 astabant,
570 2328 707 2376 aliique
736 2328 785 2363 ab
815 2327 960 2376 origine
991 2337 1100 2374 reges

139 2388 351 2437 Martiaque
382 2389 432 2425 ob
461 2388 621 2436 patriam
650 2386 861 2435 pugnando
889 2385 1044 2422 vulnera
1072 2384 1186 2433 passi.

138 2447 336 2497 Multaque
365 2454 559 2496 praeterea
589 2447 704 2484 sacris
733 2446 772 2483 in
801 2445 974 2495 postibus
1004 2456 1119 2489 arma,

1461 205 1520 237 ยน45

1462 1086 1523 1118 160

1463 1379 1522 1420 165

1463 1982 1521 2015 175

1463 2273 1522 2303 180
