1669 2737
143 70 222 120 146
715 75 942 113 AENEIS.

139 184 268 221 Uritur
295 183 424 221 infelix
454 183 558 221 Dido
587 189 742 232 totaque
772 190 930 233 vagatur

138 244 231 280 urbe
260 243 389 280 furens
418 243 538 292 qualis
569 243 744 280 coniecta
774 255 885 280 cerva
913 243 1060 293 sagitta,

139 315 256 352 quam
285 302 416 352 procul
444 303 637 339 incautam
666 313 824 339 nemora
853 303 949 339 inter
979 302 1109 340 Cresia
1139 302 1220 339 fixit

140 369 270 411 pastor
297 373 417 410 agens
445 361 528 398 telis
558 361 741 410 liquitque
771 361 921 399 volatile
950 362 1090 399 ferrum

139 423 313 468 nescius;
348 422 409 458 illa
438 420 528 469 fuga
557 421 669 458 silvas
698 421 891 471 saltusque
919 428 1096 471 peragrat

139 481 333 526 Dictaeos,
363 481 493 517 haeret
520 479 627 517 lateri
656 480 776 517 letalis
805 480 990 518 harundo.

139 541 254 579 Nunc
283 541 410 578 media
438 541 600 578 Aenean
629 552 760 577 secum
790 553 857 589 per
885 541 1039 578 moenia
1068 540 1170 577 ducit

141 600 394 649 Sidoniasque
423 606 588 637 ostentat
618 611 712 648 opes
741 600 952 650 urbemque
980 606 1173 649 paratam;

139 660 271 708 incipit
300 659 404 696 effari
432 658 637 707 mediaque
666 659 705 695 in
734 671 829 696 voce
858 659 1017 706 resistit;

138 732 241 757 nunc
269 719 405 756 eadem
433 718 586 755 labente
616 719 677 756 die
706 719 879 756 convivia
907 720 1064 768 quaerit,

139 780 353 828 Iliacosque
380 779 515 815 iterum
547 778 707 816 demens
736 778 865 815 audire
894 779 1044 815 labores

139 839 313 888 exposcit
340 838 559 887 pendetque
588 839 724 875 iterum
754 839 941 876 narrantis
971 839 1019 875 ab
1049 850 1127 876 ore.

138 899 231 936 Post
259 897 324 934 ubi
353 897 522 946 digressi,
553 897 761 946 lumenque
791 898 954 935 obscura
982 897 1148 934 vicissim

137 961 228 997 luna
256 959 404 1008 premit,
434 957 672 1008 suadentque
704 958 880 996 cadentia
908 958 1033 995 sidera
1063 970 1234 1003 somnos,

137 1020 220 1057 sola
249 1019 367 1056 domo
396 1025 539 1054 maeret
566 1030 697 1063 vacua,
728 1018 929 1067 stratisque
958 1018 1096 1055 relictis

136 1080 312 1125 incubat3
351 1078 457 1115 illum
487 1078 626 1115 absens
656 1078 855 1115 absentem
884 1077 1064 1126 auditque
1093 1077 1294 1126 videtque:

137 1145 201 1176 aut
228 1138 374 1187 gremio
402 1137 622 1182 Ascanium,
652 1137 835 1185 genitoris
864 1137 1032 1185 imagine
1062 1143 1183 1185 capta,

136 1199 289 1241 detinet,
322 1197 523 1234 infandum
555 1197 585 1233 si
616 1195 744 1234 fallere
773 1197 894 1245 possit
924 1208 1107 1233 amorem.

136 1258 228 1296 Non
258 1265 416 1306 coeptae
445 1263 651 1306 assurgunt
680 1263 812 1302 turres,
843 1268 924 1293 non
953 1268 1058 1293 arma
1086 1256 1262 1292 iuventus

135 1325 287 1354 exercet
316 1323 496 1366 portusve
527 1323 592 1353 aut
621 1315 912 1365 propugnacula
941 1314 1041 1352 bello

135 1385 215 1415 tuta
244 1383 405 1426 parant:
445 1375 616 1426 pendent
645 1387 764 1424 opera
793 1376 1004 1423 interrupta
1032 1375 1238 1423 minaeque

134 1449 330 1474 murorum
360 1437 537 1485 ingentes
568 1442 806 1484 aequataque
838 1434 1016 1471 machina
1045 1434 1167 1472 caelo.

190 1498 319 1544 Quam
350 1497 462 1534 simul
490 1508 534 1534 ac
564 1496 627 1533 tali
657 1496 845 1545 persensit
874 1502 982 1545 peste
1011 1496 1133 1532 teneri

136 1571 222 1596 cara
250 1558 353 1595 Iovis
383 1557 562 1601 coniunx,
594 1568 664 1593 nec
695 1555 837 1593 famam
867 1556 1019 1593 obstare
1050 1554 1177 1600 furori,

135 1618 269 1656 talibus
299 1616 516 1666 aggreditur
544 1615 738 1653 Venerem
769 1614 945 1652 Saturnia
975 1614 1111 1651 dictis:

136 1677 366 1725 ‘Egregiam
396 1687 486 1712 vero
515 1675 669 1711 laudem
698 1681 736 1711 et
765 1674 889 1723 spolia
917 1673 1046 1722 ampla
1074 1672 1219 1710 refertis

134 1745 252 1787 tuque
281 1749 451 1785 puerque
481 1742 579 1781 tuus,
610 1746 796 1783 magnum
827 1740 864 1771 et
893 1733 1144 1770 memorabile
1174 1745 1331 1779 numen,

134 1809 212 1834 una
240 1796 331 1833 dolo
361 1796 489 1833 divum
520 1795 550 1831 si
580 1794 721 1831 femina
750 1794 849 1831 victa
877 1792 1042 1830 duorum
1073 1799 1141 1830 est.

135 1868 207 1893 nec
236 1867 299 1892 me
329 1855 426 1892 adeo
455 1854 547 1891 fallit
576 1854 733 1891 veritam
762 1859 799 1890 te
829 1852 985 1889 moenia
1015 1858 1146 1888 nostra

136 1922 334 1964 suspectas
365 1915 544 1952 habuisse
573 1914 713 1951 domos
743 1912 988 1960 Carthaginis
1018 1911 1125 1948 altae.

138 1975 214 2012 Sed
243 1975 328 2024 quis
357 1975 426 2011 erit
455 1974 606 2019 modus,
638 1979 701 2010 aut
730 1984 808 2022 quo
838 1983 942 2008 nunc
972 1970 1178 2008 certamine
1207 1971 1340 2007 tanto?

137 2034 242 2080 Quin
271 2034 398 2082 potius
427 2045 566 2082 pacem
596 2040 792 2069 aeternam
822 2037 1035 2081 pactosque
1066 2029 1301 2078 hymenaeos

136 2093 383 2131 exercemus?
421 2092 552 2139 habes,
584 2099 663 2129 tota
692 2091 797 2140 quod
827 2096 956 2127 mente
987 2088 1136 2138 petisti:

136 2153 242 2190 ardet
270 2164 403 2190 amans
432 2152 536 2189 Dido
566 2152 754 2201 traxitque
784 2162 852 2200 per
882 2161 970 2186 ossa
999 2148 1176 2185 furorem.

137 2211 395 2249 Communem
423 2211 526 2249 hunc
556 2223 648 2260 ergo
678 2210 867 2259 populum
897 2208 1126 2256 paribusque
1156 2219 1335 2256 regamus

137 2273 325 2321 auspiciis,
355 2273 466 2309 liceat
496 2271 663 2321 Phrygio
694 2270 832 2308 servire
861 2269 998 2306 marito

137 2332 359 2380 dotalesque
388 2339 474 2368 tuae
505 2331 644 2380 Tyrios
673 2329 892 2379 permittere
923 2326 1099 2365 dextrae?

191 2391 267 2430 Olli
296 2391 430 2442 (sensit
459 2391 563 2427 enim
592 2390 767 2427 simulata
795 2395 924 2426 mente
953 2388 1136 2435 locutam,

137 2463 216 2502 quo
244 2463 407 2500 regnum
437 2450 568 2487 Italiae
599 2449 764 2499 Libycas
793 2454 975 2486 averteret
1004 2445 1108 2497 oras)

1487 611 1526 646 75

1485 904 1528 933 80

1485 1509 1529 1543 90

1486 1807 1526 1839 95

1469 2104 1530 2126 100

1468 2401 1529 2434 105
