1669 2737
585 88 755 123 LIBER
783 88 862 125 III.
894 81 1076 141 68-145.

145 201 182 232 et
209 194 321 244 proni
351 195 444 233 dant
471 194 562 242 lora,
593 196 693 233 volat
721 196 757 233 vi
785 195 950 234 fervidus
979 196 1083 242 axis;

143 253 296 303 iamque
325 254 497 301 humiles,
527 255 680 304 iamque
709 256 795 292 elati
826 256 988 293 sublime
1018 255 1193 292 videntur

144 318 232 350 ae'ra
259 325 328 362 per
355 326 518 352 vacuum
548 314 634 352 ferri
663 322 777 364 atque
801 326 1001 363 assurgere
1031 315 1070 351 in
1099 325 1233 359 auras;

143 384 216 409 nec
245 385 355 410 mora
382 385 454 411 nec
482 374 632 422 requies
648 387 658 420 ;
698 381 735 411 at
765 373 887 411 fulvae
916 374 1069 411 nimbus
1099 374 1264 411 harenae

143 431 294 477 tollitur,
324 440 527 470 umescunt
557 434 702 482 spumis
731 433 898 482 flatuque
929 441 1182 482 sequentum:

143 497 271 528 tantus
299 503 408 528 amor
435 491 604 538 laudum,
633 499 759 530 tantae
788 500 846 530 est
873 493 1030 529 victoria
1059 504 1185 530 curae.

143 548 293 588 Primus
321 549 592 588 Erichthonius
623 564 753 589 currus
782 559 818 589 et
849 559 1028 600 quattuor
1057 563 1172 589 ausus

143 607 301 657 iungere
331 621 452 658 equos
481 610 713 659 rapidusque
741 611 834 647 rotis
864 611 1039 647 insistere
1068 611 1200 648 victor.

142 666 267 704 Frena
295 667 526 706 Pelethronii
555 669 742 719 Lapithae
772 682 964 719 gyrosque
994 668 1133 706 dedere

143 726 312 775 impositi
342 726 470 774 dorso,
502 736 616 778 atque
646 729 814 778 equitem
844 729 1008 766 docuere
1039 729 1110 765 sub
1140 729 1255 766 armis

141 784 321 823 insultare
353 786 436 824 solo
465 794 503 824 et
531 799 686 836 gressus
715 787 930 836 glomerare
961 788 1160 837 superbos.

142 844 302 893 Aequus
331 851 488 895 uterque
516 846 634 891 labor,
664 859 786 896 aeque
815 847 1066 895 iuvenemque
1096 846 1266 895 magistri

142 904 345 953 exquimnt
375 906 617 956 calidumque
647 907 784 944 animis
814 914 851 944 et
880 907 1052 944 cursibus
1083 919 1223 944 acrem.

143 963 329 1010 Quamvis
358 978 473 1016 saepe
502 967 595 1015 fuga
623 979 753 1005 versos
782 967 842 1004 ille
872 968 990 1016 egerit
1019 967 1161 1012 hostes,

142 1031 179 1060 et
207 1025 368 1073 patriam
395 1025 556 1074 Epirum
585 1026 722 1064 referat
750 1026 941 1076 fortesque
972 1026 1169 1076 Mycenas,

142 1081 392 1133 Neptunique
421 1085 504 1134 ipsa
533 1085 696 1123 deducat
724 1087 870 1134 origine
899 1094 1068 1135 gentem.

196 1140 271 1180 His
299 1144 574 1182 animadversis
604 1145 747 1182 instant
776 1147 846 1182 sub
875 1153 1039 1194 tempus,
1069 1151 1106 1182 et
1135 1156 1272 1182 omnes

142 1201 370 1250 impendunt
398 1216 508 1241 curas
538 1204 658 1241 denso
690 1205 904 1242 distendere
934 1204 1067 1254 pingui

143 1274 258 1311 quem
286 1263 412 1312 legere
441 1264 578 1302 ducem
608 1273 645 1302 et
673 1265 802 1313 pecori
832 1265 961 1302 dixere
990 1265 1191 1311 maritum3

142 1321 400 1373 florentesque
429 1332 561 1362 secant
590 1324 727 1363 herbas
756 1325 969 1374 fluviosque
998 1324 1218 1362 ministrant

142 1381 327 1432 farraque,
359 1395 407 1421 ne
435 1385 580 1421 blando
609 1391 776 1434 nequeat
805 1396 1005 1433 superesse
1034 1384 1157 1423 labori

142 1441 372 1492 invalidique
401 1450 551 1493 patrum
580 1444 744 1482 referant
772 1444 911 1481 ieiunia
939 1445 1030 1481 nati.

143 1500 235 1550 Ipsa
263 1510 391 1540 autem
419 1504 542 1541 macie
571 1511 729 1541 tenuant
758 1510 930 1540 armenta
957 1504 1141 1550 volentes,

143 1569 257 1610 atque
286 1564 351 1600 ubi
380 1564 608 1601 concubitus
637 1564 782 1612 primos
811 1562 887 1599 iam
917 1570 1010 1600 nota
1039 1564 1216 1612 voluptas

143 1621 330 1667 sollicitat,
361 1622 595 1672 frondesque
624 1630 769 1670 negant
799 1629 835 1659 et
865 1621 1036 1659 fontibus
1066 1630 1206 1660 arcent.

145 1679 269 1730 Saepe
298 1683 414 1719 etiam
443 1694 558 1719 cursu
587 1682 760 1732 quatiunt
790 1689 827 1719 et
857 1682 937 1719 sole
967 1681 1128 1731 fatigant
1139 1695 1148 1728 ;

144 1752 233 1778 cum
261 1742 422 1790 graviter
451 1742 572 1779 tunsis
601 1742 719 1791 gemit
749 1753 835 1778 area
865 1740 1045 1790 frugibus,
1076 1749 1113 1778 et
1142 1753 1231 1779 cum

145 1809 363 1851 surgentem
393 1802 442 1840 ad
472 1802 690 1851 Zephyrum
719 1801 852 1851 paleae
883 1802 1072 1839 iactantur
1101 1802 1249 1839 inanes.

145 1859 237 1898 Hoc
267 1860 419 1907 faciunt,
450 1861 570 1898 nimio
600 1873 648 1898 ne
677 1861 769 1898 luxu
798 1861 999 1898 obtunsior
1028 1873 1120 1898 usus

146 1921 193 1958 sit
221 1921 376 1970 genitali
406 1933 495 1958 arvo
524 1928 562 1958 et
591 1920 718 1958 sulcos
747 1920 905 1957 oblimet
929 1922 1081 1966 inertes,

146 1980 214 2019 sed
241 1981 363 2029 rapiat
391 1981 520 2018 sitiens
550 1980 743 2017 Venerem
772 1980 1005 2028 interiusque
1034 1979 1229 2017 recondat.

200 2038 348 2077 Rursus
379 2052 469 2077 cura
497 2047 650 2088 patrum
679 2039 816 2077 cadere
846 2046 882 2076 et
913 2039 1119 2076 succedere
1149 2045 1314 2075 matrum

146 2099 289 2148 incipit.
346 2099 502 2138 Exactis
530 2099 708 2148 gravidae
738 2111 827 2137 curn
856 2098 1052 2135 mensibus
1082 2105 1216 2142 errant,

147 2170 227 2196 non
254 2160 336 2198 illas
365 2161 543 2209 gravibus
572 2160 776 2209 quisquam
804 2159 894 2207 iuga
924 2158 1061 2195 ducere
1091 2157 1279 2207 plaustris,

148 2231 229 2257 non
257 2221 354 2258 saltu
383 2233 561 2270 superare
590 2220 691 2257 viam
721 2220 767 2257 sit
795 2231 931 2268 passus
962 2224 998 2256 et
1027 2214 1103 2255 acri

149 2292 304 2329 carpere
332 2288 442 2330 prata
470 2280 562 2329 fuga
590 2279 804 2328 fluviosque
833 2279 964 2315 innare
993 2290 1165 2326 rapaces.

151 2339 317 2377 Saltibus
345 2340 384 2376 in
412 2340 540 2377 vacuis
571 2344 735 2388 pascunt
763 2344 799 2374 et
828 2337 942 2387 plena
971 2337 1186 2374 secundum

149 2399 318 2445 flumina,
348 2410 504 2436 muscus
532 2398 597 2434 ubi
626 2404 663 2434 et
691 2397 917 2433 viridissima
945 2396 1116 2444 gramine
1146 2397 1241 2446 ripa,

151 2458 434 2509 speluncaeque
461 2464 593 2506 tegant
622 2463 660 2494 et
689 2468 805 2493 saxea
834 2456 1022 2505 procubet
1050 2456 1199 2492 umbra.

1481 89 1533 133 57

1473 387 1534 409 1¹0

1472 683 1531 713 ¹15

1475 2173 1534 2203 140
