1669 2737
153 89 232 132 230
721 80 946 116 AENEJS.

151 188 331 226 occiderit
359 187 575 237 patriasque
604 187 763 237 explerit
792 187 976 237 sanguine
1005 198 1150 235 poenas

152 248 307 284 turbatis
336 247 536 285 distractus
565 247 684 296 equis,
715 247 763 284 ad
793 247 916 284 sidera
945 258 1072 283 rursus

153 306 317 343 aetheria
344 313 381 343 et
410 317 566 354 superas
595 306 687 343 caeli
716 305 863 342 venisse
891 305 962 342 sub
990 315 1111 349 auras,

153 365 327 402 Paeoniis
354 370 572 402 revocatum
601 364 727 401 herbis
756 370 794 401 et
822 376 952 401 amore
981 363 1140 400 Dianae.

152 424 255 461 Tum
284 424 394 461 Pater
421 424 679 473 omnipotens,
709 423 875 472 aliquem
904 422 1122 470 indignatus
1152 421 1200 458 ab
1229 420 1370 458 umbris

151 483 350 520 mortalem
378 481 535 519 infernis
564 482 612 519 ad
641 482 785 518 lumina
816 494 969 530 surgere
998 482 1105 526 vitae,

152 543 232 591 ipse
260 548 492 590 repertorem
519 541 732 578 medicinae
761 540 843 577 talis
873 547 909 578 et
937 541 1026 578 artis

151 600 306 638 fulmine
336 600 623 649 Phoebigenam
653 599 801 648 Stygias
831 599 988 636 detrusit
1017 598 1066 636 ad
1095 598 1229 635 undas.

151 660 203 696 At
232 658 360 696 Trivia
389 658 642 707 Hippolytum
673 658 826 695 secretis
853 658 953 694 alma
982 658 1155 694 recondit

152 717 314 762 sedibus,
343 724 380 755 et
408 717 610 767 Nymphae
640 716 799 766 Egeriae
829 717 1050 765 nemorique
1079 716 1232 764 relegat,

151 777 254 814 solus
282 777 347 813 ubi
374 777 413 813 in
443 777 541 813 silvis
571 776 675 812 Italis
704 776 882 824 ignobilis
911 787 1046 812 aevum

150 837 319 884 exigeret
347 847 534 884 versoque
564 835 627 871 ubi
657 835 813 871 nomine
843 834 995 871 Virbius
1026 840 1134 872 esset.

150 894 264 932 Unde
293 895 406 931 etiam
435 893 578 942 templo
608 893 758 930 Triviae
787 893 956 942 lucisque
986 893 1140 929 sacratis

151 954 376 1002 cornipedes
405 960 580 991 arcentur
608 953 707 1001 equi,
738 952 842 1001 quod
870 952 977 988 litore
1006 963 1158 989 currum

150 1021 188 1052 et
214 1014 389 1050 iuvenem
419 1013 600 1049 monstris
630 1011 757 1060 pavidi
785 1011 953 1048 effudere
981 1011 1149 1048 marinis.

150 1073 264 1111 Filius
293 1072 468 1110 ardentes
497 1070 599 1107 haud
628 1071 742 1108 setius
772 1082 937 1118 aequore
966 1070 1093 1118 campi

151 1132 348 1171 exercebat
376 1142 498 1180 equos
528 1141 715 1178 curruque
745 1129 783 1165 in
813 1129 911 1166 bella
939 1130 1082 1166 ruebat,

202 1191 291 1241 Ipse
320 1191 416 1227 inter
443 1190 588 1238 primos
617 1188 823 1237 praestanti
853 1199 1015 1237 corpore
1045 1187 1201 1224 Turnus

151 1252 300 1289 vertitur
328 1261 433 1287 arma
461 1256 594 1286 tenens
624 1254 662 1285 et
690 1254 773 1285 toto
801 1247 940 1284 vertice
969 1259 1085 1296 supra
1113 1253 1181 1284 est.

150 1311 221 1348 Cui
249 1309 382 1358 triplici
411 1308 543 1345 crinita
571 1308 661 1344 iuba
688 1307 796 1356 galea
826 1307 900 1343 alta
929 1305 1173 1343 Chimaeram

149 1370 318 1413 sustinet,
347 1369 542 1405 Aetnaeos
571 1366 761 1404 efflantem
792 1366 965 1403 faucibus
994 1365 1124 1413 ignes:

149 1436 227 1467 tam
255 1428 376 1476 magis
404 1426 465 1463 illa
493 1425 658 1463 fremens
687 1433 723 1463 et
752 1425 917 1462 tristibus
948 1424 1065 1462 effera
1092 1424 1267 1468 flammis,

149 1499 264 1537 quam
292 1486 415 1534 magis
443 1485 565 1522 effuso
594 1485 821 1522 crudescunt
850 1484 1036 1532 sanguine
1065 1495 1228 1532 pugnae.

149 1547 200 1583 At
228 1546 348 1582 levem
378 1544 541 1592 clipeum
571 1544 728 1581 sublatis
759 1543 937 1580 cornibus
968 1542 1012 1580 Io

150 1616 241 1643 auro
271 1603 486 1652 insignibat,
516 1602 592 1639 iam
621 1603 734 1640 saetis
764 1602 897 1646 obsita,
926 1602 1001 1638 iam
1029 1600 1100 1638 bos

150 1664 436 1713 (argumentum
465 1659 631 1711 ingens),
659 1668 696 1698 et
725 1667 854 1698 custos
881 1659 1035 1708 virginis
1064 1661 1191 1708 Argus

150 1723 369 1771 caelataque
399 1733 552 1758 amnem
581 1720 745 1757 fundens
774 1726 880 1768 pater
908 1718 1075 1756 Inachus
1102 1730 1208 1756 urna.

149 1784 365 1832 Insequitur
393 1782 547 1819 nimbus
576 1780 749 1830 peditum
778 1780 1015 1828 clipeataque
1043 1779 1133 1816 totis

150 1845 304 1893 agmina
332 1842 542 1879 densentur
570 1841 726 1889 campis,
758 1839 974 1887 Argivaque
1004 1840 1124 1888 pubes

150 1905 430 1952 Auruncaeque
458 1913 608 1947 manus,
639 1899 768 1937 Rutuli
797 1906 1016 1947 veteresque
1047 1897 1173 1936 Sicani

151 1970 187 2000 et
216 1962 405 1999 Sacranae
434 1961 534 1998 acies
564 1966 601 1998 et
627 1960 718 2009 picti
747 1964 852 1996 scuta
882 1958 1035 2003 Labici;

151 2022 214 2072 qui
244 2021 370 2066 saltus,
401 2020 595 2064 Tiberine,
625 2025 711 2056 tuos
741 2029 963 2066 sacrumque
993 2015 1147 2053 Numici

150 2081 237 2118 litus
266 2087 372 2117 arant
402 2079 643 2128 Rutulosque
673 2084 851 2115 exercent
879 2088 1032 2113 vomere
1061 2075 1177 2112 colles

151 2139 427 2188 Circaeumque
456 2139 599 2187 iugum,
629 2137 736 2186 queis
765 2136 933 2185 Iuppiter
961 2134 1142 2171 Anxurus
1172 2134 1267 2171 arvis

150 2198 341 2248 praesidet
369 2205 405 2234 et
433 2197 540 2234 viridi
569 2196 741 2245 gaudens
771 2194 935 2233 Feronia
962 2193 1071 2239 luco;

152 2270 228 2308 qua
258 2257 415 2295 Saturae
444 2258 539 2294 iacet
567 2263 648 2294 atra
676 2256 785 2305 palus
814 2254 1038 2304 gelidusque
1068 2265 1134 2301 per
1163 2252 1257 2289 imas

153 2317 298 2367 quaerit
327 2317 394 2354 iter
422 2316 537 2353 valles
567 2322 681 2364 atque
711 2315 749 2351 in
778 2325 884 2351 mare
912 2311 1087 2350 conditur
1116 2310 1246 2348 Ufens.

207 2376 296 2414 Hos
326 2387 438 2425 super
468 2375 619 2413 advenit
647 2373 790 2411 Volsca
819 2373 867 2410 de
895 2378 1008 2421 gente
1037 2370 1198 2408 Camilla

619 2454 691 2491 773.
737 2446 831 2478 MSS.
848 2445 1074 2487 Poenigenam.

1469 2199 1533 2229 800
