1669 2737
559 92 726 127 LIBER
762 93 802 129 V.
837 85 1050 140 809—871.

113 202 252 240 ‘Mene
282 202 369 240 salis
397 201 535 251 placidi
564 202 709 239 vultum
738 202 950 251 fluctusque
981 202 1129 251 quietos

111 263 286 310 ignorare
315 263 448 300 iubes?
488 275 601 300 mene
629 263 717 300 huic
747 262 940 299 confidere
970 260 1170 299 monstro?

111 321 274 358 Aenean
303 321 457 358 credam
487 321 579 370 quid
608 321 710 358 enirn
740 320 934 358 fallacibus
965 321 1062 357 auris

113 387 150 417 et
178 380 271 418 caeli
300 380 438 417 totiens
469 380 652 429 deceptus
681 379 811 417 fraude
841 378 1013 417 sereni?’

113 438 224 476 Talia
252 440 353 477 dicta
381 439 505 485 dabat,
536 440 761 489 clavumque
790 439 923 477 affixus
953 446 990 477 et
1018 439 1179 477 haerens

113 511 304 547 nusquam
334 499 531 536 amittebat
559 499 771 548 oculosque
801 499 870 536 sub
900 506 999 536 astra
1027 500 1193 537 tenebat.

112 557 216 596 Ecce
246 559 340 596 deus
368 571 518 596 ramum
546 559 718 596 Lethaeo
747 571 832 596 rore
861 559 1084 596 madentem

113 618 225 668 vique
255 627 478 668 soporatum
509 619 640 668 Stygia
669 631 781 667 super
809 625 969 667 utraque
999 625 1154 667 quassat

114 684 298 726 tempora,
329 679 599 727 cunctantique
628 679 797 715 natantia
825 678 970 714 lumina
1000 678 1122 715 solvit.

114 736 190 774 Vix
219 737 365 786 primos
392 738 552 786 inopina
581 738 689 786 quies
718 738 907 775 laxaverat
936 744 1049 782 artus,

114 803 151 833 et
181 808 295 845 super
322 797 551 835 incumbens
581 809 668 834 curn
697 798 838 846 puppis
867 804 973 846 parte
1002 797 1149 834 revulsa

114 867 280 904 cumque
309 856 542 905 gubernaclo
571 856 734 906 liquidas
763 857 921 906 proiecit
950 857 989 893 in
1017 856 1140 893 undas

115 915 360 964 praecipitem
389 927 434 952 ac
464 915 590 953 socios
619 916 854 966 nequiquam
884 928 999 964 saepe
1028 922 1253 962 vocantem3

114 975 196 1024 ipse
225 975 358 1013 volans
386 982 520 1013 tenues
550 988 590 1014 se
619 977 766 1014 sustulit
795 976 872 1014 ales
902 976 950 1013 ad
979 988 1099 1014 auras,

116 1034 241 1072 Currit
269 1035 337 1072 iter
365 1042 489 1073 tutum
517 1048 599 1073 non
629 1037 744 1074 setius
773 1048 940 1085 aequore
970 1036 1099 1074 classis

116 1095 391 1144 promissisque
419 1096 536 1145 patris
565 1095 736 1144 Neptuni
766 1096 934 1133 interrita
963 1095 1088 1133 fertur.

117 1154 278 1203 Iamque
306 1154 402 1192 adeo
432 1154 612 1204 scopulos
643 1155 817 1193 Sirenum
847 1155 1005 1192 advecta
1034 1156 1184 1192 subibat

119 1213 287 1251 difficiles
316 1215 515 1263 quondam
544 1214 827 1264 multorumque
856 1215 1005 1252 ossibus
1035 1215 1143 1251 albos

118 1276 216 1325 (tum
245 1287 360 1313 rauca
389 1276 543 1313 assiduo
572 1275 689 1324 longe
719 1275 796 1312 sale
826 1287 919 1312 saxa
948 1273 1163 1325 sonabant),

119 1346 207 1372 cum
236 1342 341 1384 pater
370 1335 513 1372 amisso
542 1334 754 1372 fluitantem
783 1347 905 1371 errare
934 1335 1115 1383 magistro

120 1395 248 1441 sensit,
277 1402 316 1432 et
343 1395 426 1444 ipse
454 1401 574 1431 ratem
603 1394 798 1432 nocturnis
829 1394 922 1431 rexit
952 1394 990 1430 in
1018 1395 1142 1440 undis,

120 1453 239 1491 multa
266 1465 425 1503 gemens
455 1465 623 1502 casuque
652 1453 822 1490 animum
851 1465 1061 1490 concussus
1091 1454 1225 1492 amici:

122 1513 181 1551 ‘O
210 1513 370 1550 nimium
399 1513 505 1551 caelo
534 1519 571 1550 et
600 1512 739 1562 pelago
769 1512 913 1549 confise
944 1524 1089 1559 sereno,

121 1573 245 1611 nudus
273 1573 313 1610 in
342 1573 483 1621 ignota,
515 1571 701 1617 Palinure,
730 1572 871 1609 iacebis
899 1571 1064 1609 harena!

1422 84 1499 136 185

1442 920 1505 951 860

1442 1220 1503 1259 865
