1669 2737
152 59 231 100 126
730 63 953 99 AENEIS.

149 181 185 209 et
212 179 351 209 terram
379 171 469 209 tabo
500 170 705 208 maculant.
766 169 864 207 Mihi
892 170 1051 219 frigidus
1079 169 1216 207 horror

151 232 323 268 membra
350 230 481 280 quatit,
511 229 737 278 gelidusque
767 230 844 266 coit
873 229 1076 267 formidine
1107 229 1274 278 sanguis.

151 290 297 327 Rursus
325 296 362 326 et
391 289 542 325 alterius
571 288 717 325 lentum
746 288 959 325 convellere
989 288 1116 324 vimen

151 351 330 398 insequor
357 355 394 386 et
423 360 558 385 causas
587 347 739 396 penitus
769 354 956 396 temptare
985 348 1172 384 latentes:

151 417 229 447 ater
258 415 295 445 et
323 408 475 444 alterius
505 407 673 455 sequitur
701 406 750 443 de
780 408 920 444 cortice
950 407 1116 455 sanguis.

151 467 275 505 Multa
302 478 464 504 movens
493 465 623 502 animo
653 464 857 514 Nymphas
886 466 1094 503 venerabar
1122 471 1293 514 agrestes

153 526 439 573 Gradivumque
468 532 627 573 patrem,
658 523 803 561 Geticis
833 525 897 573 qui
924 524 1116 573 praesidet
1145 524 1255 569 arvis,

152 589 220 624 rite
250 585 502 624 secundarent
531 585 633 622 visus
663 596 857 633 omenque
885 585 1063 622 levarent.

154 647 286 685 Tertia
316 647 383 684 sed
413 652 620 696 postquam
649 646 794 682 maiore
824 645 971 682 hastilia
1001 646 1086 683 nisu

154 707 358 757 aggredior
386 707 626 755 genibusque
655 705 836 743 adversae
866 706 1041 743 obluctor
1070 706 1248 752 harenae,

155 767 327 819 (eloquar
355 778 405 803 an
434 766 567 803 sileam
581 766 611 810 Ρ)
651 766 817 814 gemitus
845 764 1088 802 lacrimabilis
1117 766 1196 803 imo

155 827 303 865 auditur
331 826 488 871 tumulo,
519 831 556 862 et
585 837 660 862 vox
689 825 837 862 reddita
865 824 979 862 fertur
1009 826 1059 862 ad
1087 837 1223 862 aures:

157 886 297 932 “Quid
325 885 518 929 miserum,
549 885 696 929 Aenea,
726 884 898 921 laceras?
937 885 1014 921 iam
1044 896 1159 933 parce
1189 884 1352 933 sepulto,

155 957 268 995 parce
297 944 379 994 pias
409 943 592 981 scelerare
621 955 783 980 manus:
824 955 904 980 non
935 955 997 980 me
1027 943 1093 980 tibi
1122 942 1243 980 Troia

156 1013 353 1042 externum
384 1004 466 1041 tulit
495 1009 559 1040 aut
589 1015 700 1040 eruor
729 1003 790 1040 hic
819 1003 867 1040 de
897 1003 1021 1052 stipite
1050 1011 1191 1041 manat.

157 1065 249 1101 Heu
277 1063 366 1113 fuge
395 1062 567 1100 crudeles
597 1070 725 1108 terraS,
755 1062 845 1112 fuge
875 1062 960 1099 litus
989 1075 1156 1099 avarum.

158 1123 260 1161 Nam
290 1122 504 1171 Polydorus
532 1133 631 1170 ego:
672 1121 734 1158 hic
764 1121 962 1159 confixum
995 1121 1112 1159 ferrea
1147 1122 1238 1159 texit

158 1183 319 1220 telorum
349 1193 459 1230 seges
493 1188 530 1217 et
559 1181 691 1217 iaculis
721 1181 877 1218 increvit
907 1180 1062 1218 acutis.''

159 1242 263 1279 Turn
292 1253 381 1278 vero
411 1240 566 1288 ancipiti
595 1248 767 1277 mentem
796 1240 999 1277 formidine
1029 1253 1184 1289 pressus

158 1301 338 1349 obstupui
367 1306 625 1347 steteruntque
656 1311 792 1337 comae
822 1306 860 1336 et
888 1311 961 1336 vox
991 1299 1164 1337 faucibus
1194 1300 1322 1337 haesit.

214 1360 354 1397 ‘Hunc
383 1358 616 1407 Polydorum
646 1359 726 1395 auri
756 1358 953 1408 quondam
983 1371 1071 1396 curn
1100 1359 1273 1408 pondere
1302 1369 1450 1407 magno

158 1420 290 1457 infelix
319 1419 491 1456 Priamus
520 1417 647 1455 furtim
677 1419 878 1455 mandarat
907 1418 1088 1455 alendum

160 1479 341 1516 Threicio
371 1478 463 1526 regi,
493 1490 581 1515 cum
609 1478 685 1514 iam
714 1477 900 1515 diffideret
928 1478 1042 1515 armis

160 1538 377 1576 Dardaniae
407 1537 585 1586 cingique
614 1538 749 1574 urbem
779 1537 980 1574 obsidione
1010 1537 1161 1574 videret.

160 1598 238 1643 Ille,
268 1604 309 1634 ut
337 1608 432 1645 opes
462 1595 600 1633 fractae
631 1595 837 1642 Teucrum,
868 1603 905 1633 et
935 1596 1104 1634 Fortuna
1132 1595 1296 1642 recessit,

159 1669 219 1694 res
247 1655 578 1704 Agamemnonias
607 1655 850 1704 victriciaque
881 1667 987 1692 arma
1016 1663 1168 1693 secutus

161 1717 218 1754 fas
247 1728 363 1754 omne
392 1715 608 1764 abrumpit:
647 1715 881 1765 Polydorum
910 1716 1124 1760 obtruncat,
1154 1723 1191 1752 et
1220 1726 1313 1752 auro

161 1777 196 1813 vi
225 1776 377 1824 potitur.
434 1773 540 1820 Quid
569 1786 649 1811 non
678 1774 854 1811 mortalia
883 1781 1040 1822 pectora
1069 1775 1188 1822 cogis,

162 1835 241 1872 auri
271 1846 379 1872 sacra
406 1833 549 1871 fames!
588 1834 797 1882 Postquam
825 1845 944 1883 pavor
972 1845 1062 1870 ossa
1088 1833 1249 1882 reliquit,

163 1895 331 1933 delectos
360 1893 494 1942 populi
522 1892 570 1930 ad
598 1905 776 1942 proceres
804 1894 1046 1942 primumque
1075 1900 1274 1941 parentem

161 1962 334 1991 monstra
363 1954 479 1991 deum
506 1952 627 1989 refero
657 1960 694 1991 et
723 1965 821 2001 quae
850 1952 896 1989 sit
925 1952 1110 1989 sententia
1137 1964 1272 2001 posco.

163 2013 355 2051 Omnibus
384 2012 486 2049 idern
515 2013 677 2056 animus,
707 2012 891 2050 scelerata
919 2011 1106 2048 excedere
1136 2018 1245 2055 terra,
1274 2022 1277 2025 ’

162 2073 281 2121 linqui
310 2072 497 2121 pollutum
526 2071 735 2119 hospitium
765 2077 801 2108 et
829 2070 919 2107 dare
948 2069 1130 2107 classibus
1161 2070 1335 2110 Austros.

162 2132 267 2182 Ergo
296 2133 551 2170 instauramus
579 2131 772 2181 Polydoro
801 2131 924 2173 funus,
955 2137 992 2167 et
1021 2131 1158 2179 ingens

163 2192 353 2241 aggeritur
380 2191 527 2228 tumulo
557 2191 691 2237 tellus;
736 2197 837 2228 stant
865 2190 1041 2226 manibus
1069 2201 1157 2227 arae

164 2251 345 2289 caeruleis
375 2258 542 2287 maestae
571 2250 671 2286 vittis
700 2257 859 2298 atraque
890 2260 1084 2298 cupresso,

163 2318 199 2347 et
228 2311 368 2347 circum
397 2309 534 2346 Iliades
565 2309 708 2346 crinem
739 2308 786 2346 de
815 2320 921 2345 more
951 2307 1123 2354 solutae;

163 2369 357 2407 inferimus
387 2368 516 2417 tepido
547 2369 766 2418 spumantia
795 2368 947 2417 cymbia
974 2367 1072 2404 lacte

165 2428 361 2477 sanguinis
391 2434 427 2464 et
456 2428 551 2464 sacri
579 2434 741 2477 pateras,
773 2427 1017 2476 animamque
1047 2426 1222 2476 sepulcro

1498 244 1544 276 30

1502 537 1544 568 35

1506 839 1549 871 40

1507 1136 1548 1166 45

1509 1430 1552 1462 50

1510 1730 1550 1762 55

1512 2017 1554 2049 60
