<?xml version="1.0" encoding="UTF-8"?>
<!DOCTYPE html PUBLIC "-//W3C//DTD XHTML 1.0 Transitional//EN"
    "http://www.w3.org/TR/xhtml1/DTD/xhtml1-transitional.dtd">
<html xmlns="http://www.w3.org/1999/xhtml" xml:lang="en" lang="en">
 <head>
  <title>
</title>
<meta http-equiv="Content-Type" content="text/html;charset=utf-8" />
  <meta name='ocr-system' content='tesseract 3.04.00' />
  <meta name='ocr-capabilities' content='ocr_page ocr_carea ocr_par ocr_line ocrx_word'/>
</head>
<body>
  <div class='ocr_page' id='page_1' title='image "./operavirgilwithi01virguoft_0388.png"; bbox 0 0 1669 2737; ppageno 0'>
   <div class='ocr_carea' id='block_1_1' title="bbox 142 67 949 116">
    <p class='ocr_par' dir='ltr' id='par_1_1' title="bbox 142 67 949 116">
     <span class='ocr_line' id='line_1_1' title="bbox 142 67 949 116; baseline 0.001 -13"><span class='ocrx_word' id='word_1_1' title='bbox 142 73 224 116; x_wconf 83' lang='lat'>320</span> <span class='ocrx_word' id='word_1_2' title='bbox 722 67 949 104; x_wconf 79' lang='lat' dir='ltr'><em>AENEJS.</em></span> 
     </span>
    </p>
   </div>
   <div class='ocr_carea' id='block_1_2' title="bbox 140 176 1279 1990">
    <p class='ocr_par' dir='ltr' id='par_1_2' title="bbox 140 176 1279 1990">
     <span class='ocr_line' id='line_1_2' title="bbox 142 176 1132 227; baseline 0.003 -14"><span class='ocrx_word' id='word_1_3' title='bbox 142 176 314 225; x_wconf 87' lang='lat' dir='ltr'>accipere</span> <span class='ocrx_word' id='word_1_4' title='bbox 343 183 506 222; x_wconf 89' lang='lat' dir='ltr'>orantes,</span> <span class='ocrx_word' id='word_1_5' title='bbox 536 177 728 227; x_wconf 86' lang='lat' dir='ltr'>oriturque</span> <span class='ocrx_word' id='word_1_6' title='bbox 757 178 967 216; x_wconf 88' lang='lat' dir='ltr'>miserrima</span> <span class='ocrx_word' id='word_1_7' title='bbox 996 177 1132 216; x_wconf 88' lang='lat' dir='ltr'>caedes</span> 
     </span>
     <span class='ocr_line' id='line_1_3' title="bbox 141 235 1203 285; baseline 0.004 -14"><span class='ocrx_word' id='word_1_8' title='bbox 141 235 414 272; x_wconf 82' lang='lat' dir='ltr'><strong>defendentum</strong></span> <span class='ocrx_word' id='word_1_9' title='bbox 444 236 556 273; x_wconf 88' lang='lat' dir='ltr'>armis</span> <span class='ocrx_word' id='word_1_10' title='bbox 585 237 707 274; x_wconf 88' lang='lat' dir='ltr'>aditus</span> <span class='ocrx_word' id='word_1_11' title='bbox 736 238 851 285; x_wconf 88' lang='lat' dir='ltr'>inque</span> <span class='ocrx_word' id='word_1_12' title='bbox 880 249 986 274; x_wconf 89' lang='lat' dir='ltr'>arma</span> <span class='ocrx_word' id='word_1_13' title='bbox 1014 246 1203 275; x_wconf 86' lang='lat' dir='ltr'>ruentum.</span> 
     </span>
     <span class='ocr_line' id='line_1_4' title="bbox 140 293 1273 345; baseline 0.003 -15"><span class='ocrx_word' id='word_1_14' title='bbox 140 293 298 331; x_wconf 86' lang='lat' dir='ltr'>Exclusi</span> <span class='ocrx_word' id='word_1_15' title='bbox 326 301 414 332; x_wconf 85' lang='lat' dir='ltr'>ante</span> <span class='ocrx_word' id='word_1_16' title='bbox 443 295 577 333; x_wconf 88' lang='lat' dir='ltr'>oculos</span> <span class='ocrx_word' id='word_1_17' title='bbox 605 296 946 345; x_wconf 88' lang='lat' dir='ltr'>lacrimantumque</span> <span class='ocrx_word' id='word_1_18' title='bbox 975 308 1042 333; x_wconf 91' lang='lat' dir='ltr'>ora</span> <span class='ocrx_word' id='word_1_19' title='bbox 1071 303 1273 345; x_wconf 89' lang='lat' dir='ltr'>parentum</span> 
     </span>
     <span class='ocr_line' id='line_1_5' title="bbox 140 354 1030 404; baseline 0.003 -15"><span class='ocrx_word' id='word_1_20' title='bbox 140 365 229 402; x_wconf 91' lang='lat' dir='ltr'>pars</span> <span class='ocrx_word' id='word_1_21' title='bbox 259 354 298 390; x_wconf 90' lang='lat' dir='ltr'>in</span> <span class='ocrx_word' id='word_1_22' title='bbox 327 355 553 403; x_wconf 87' lang='lat' dir='ltr'>praecipites</span> <span class='ocrx_word' id='word_1_23' title='bbox 583 354 706 392; x_wconf 86' lang='lat' dir='ltr'>fossas</span> <span class='ocrx_word' id='word_1_24' title='bbox 735 361 895 404; x_wconf 90' lang='lat' dir='ltr'>urgente</span> <span class='ocrx_word' id='word_1_25' title='bbox 923 355 1030 392; x_wconf 87' lang='lat' dir='ltr'>ruina</span> 
     </span>
     <span class='ocr_line' id='line_1_6' title="bbox 141 412 1171 462; baseline 0.001 -14"><span class='ocrx_word' id='word_1_26' title='bbox 141 412 311 457; x_wconf 89' lang='lat' dir='ltr'>volvitur,</span> <span class='ocrx_word' id='word_1_27' title='bbox 342 412 522 450; x_wconf 84' lang='lat' dir='ltr'>immissis</span> <span class='ocrx_word' id='word_1_28' title='bbox 552 425 639 462; x_wconf 90' lang='lat' dir='ltr'>pars</span> <span class='ocrx_word' id='word_1_29' title='bbox 668 426 784 451; x_wconf 89' lang='lat' dir='ltr'>caeca</span> <span class='ocrx_word' id='word_1_30' title='bbox 812 421 849 450; x_wconf 91' lang='lat' dir='ltr'>et</span> <span class='ocrx_word' id='word_1_31' title='bbox 877 415 1029 451; x_wconf 84' lang='lat' dir='ltr'>concita</span> <span class='ocrx_word' id='word_1_32' title='bbox 1057 413 1171 451; x_wconf 86' lang='lat' dir='ltr'>frenis</span> 
     </span>
     <span class='ocr_line' id='line_1_7' title="bbox 141 471 1033 521; baseline 0.003 -14"><span class='ocrx_word' id='word_1_33' title='bbox 141 471 272 508; x_wconf 86' lang='lat' dir='ltr'>arietat</span> <span class='ocrx_word' id='word_1_34' title='bbox 301 472 338 508; x_wconf 94' lang='lat' dir='ltr'>in</span> <span class='ocrx_word' id='word_1_35' title='bbox 368 478 497 520; x_wconf 89' lang='lat' dir='ltr'>portas</span> <span class='ocrx_word' id='word_1_36' title='bbox 527 479 564 509; x_wconf 90' lang='lat' dir='ltr'>et</span> <span class='ocrx_word' id='word_1_37' title='bbox 593 473 710 510; x_wconf 89' lang='lat' dir='ltr'>duros</span> <span class='ocrx_word' id='word_1_38' title='bbox 739 473 863 510; x_wconf 90' lang='lat' dir='ltr'>obiice</span> <span class='ocrx_word' id='word_1_39' title='bbox 892 480 1033 521; x_wconf 87' lang='lat' dir='ltr'>postes.</span> 
     </span>
     <span class='ocr_line' id='line_1_8' title="bbox 141 530 1062 579; baseline 0.003 -13"><span class='ocrx_word' id='word_1_40' title='bbox 141 530 255 579; x_wconf 83' lang='lat' dir='ltr'>Ipsae</span> <span class='ocrx_word' id='word_1_41' title='bbox 285 530 332 567; x_wconf 90' lang='lat' dir='ltr'>de</span> <span class='ocrx_word' id='word_1_42' title='bbox 361 531 477 567; x_wconf 89' lang='lat' dir='ltr'>muris</span> <span class='ocrx_word' id='word_1_43' title='bbox 507 542 658 568; x_wconf 90' lang='lat' dir='ltr'>summo</span> <span class='ocrx_word' id='word_1_44' title='bbox 688 532 893 569; x_wconf 78' lang='lat' dir='ltr'>certamine</span> <span class='ocrx_word' id='word_1_45' title='bbox 922 539 1062 569; x_wconf 90' lang='lat' dir='ltr'>matres</span> 
     </span>
     <span class='ocr_line' id='line_1_9' title="bbox 141 589 1279 642; baseline 0.002 -16"><span class='ocrx_word' id='word_1_46' title='bbox 141 590 347 639; x_wconf 89' lang='lat' dir='ltr'>(monstrat</span> <span class='ocrx_word' id='word_1_47' title='bbox 376 601 484 626; x_wconf 91' lang='lat' dir='ltr'>amor</span> <span class='ocrx_word' id='word_1_48' title='bbox 513 601 621 626; x_wconf 90' lang='lat' dir='ltr'>verus</span> <span class='ocrx_word' id='word_1_49' title='bbox 650 591 804 638; x_wconf 82' lang='lat' dir='ltr'>patriae,</span> <span class='ocrx_word' id='word_1_50' title='bbox 835 598 877 627; x_wconf 93' lang='lat' dir='ltr'>ut</span> <span class='ocrx_word' id='word_1_51' title='bbox 905 591 1031 628; x_wconf 89' lang='lat' dir='ltr'>videre</span> <span class='ocrx_word' id='word_1_52' title='bbox 1062 589 1279 642; x_wconf 82' lang='lat' dir='ltr'>Camillam)</span> 
     </span>
     <span class='ocr_line' id='line_1_10' title="bbox 141 648 1096 696; baseline 0.003 -12"><span class='ocrx_word' id='word_1_53' title='bbox 141 648 216 685; x_wconf 92' lang='lat' dir='ltr'>tela</span> <span class='ocrx_word' id='word_1_54' title='bbox 243 660 359 685; x_wconf 89' lang='lat' dir='ltr'>manu</span> <span class='ocrx_word' id='word_1_55' title='bbox 388 648 557 696; x_wconf 83' lang='lat' dir='ltr'>trepidae</span> <span class='ocrx_word' id='word_1_56' title='bbox 588 649 730 685; x_wconf 88' lang='lat' dir='ltr'>iaciunt</span> <span class='ocrx_word' id='word_1_57' title='bbox 759 661 804 686; x_wconf 89' lang='lat' dir='ltr'>ae</span> <span class='ocrx_word' id='word_1_58' title='bbox 833 650 970 687; x_wconf 86' lang='lat' dir='ltr'>robore</span> <span class='ocrx_word' id='word_1_59' title='bbox 1000 650 1096 687; x_wconf 87' lang='lat' dir='ltr'>duro</span> 
     </span>
     <span class='ocr_line' id='line_1_11' title="bbox 142 706 1158 756; baseline 0.002 -12"><span class='ocrx_word' id='word_1_60' title='bbox 142 707 328 755; x_wconf 86' lang='lat' dir='ltr'>stipitibus</span> <span class='ocrx_word' id='word_1_61' title='bbox 357 706 494 743; x_wconf 86' lang='lat' dir='ltr'>ferrum</span> <span class='ocrx_word' id='word_1_62' title='bbox 525 707 757 756; x_wconf 83' lang='lat' dir='ltr'>sudibusque</span> <span class='ocrx_word' id='word_1_63' title='bbox 787 708 981 745; x_wconf 83' lang='lat' dir='ltr'>imitantur</span> <span class='ocrx_word' id='word_1_64' title='bbox 1010 708 1158 746; x_wconf 88' lang='lat' dir='ltr'>obustis</span> 
     </span>
     <span class='ocr_line' id='line_1_12' title="bbox 141 766 1253 816; baseline 0.003 -13"><span class='ocrx_word' id='word_1_65' title='bbox 141 766 368 815; x_wconf 88' lang='lat' dir='ltr'>praecipites</span> <span class='ocrx_word' id='word_1_66' title='bbox 397 766 619 815; x_wconf 88' lang='lat' dir='ltr'>primaeque</span> <span class='ocrx_word' id='word_1_67' title='bbox 649 768 746 803; x_wconf 91' lang='lat' dir='ltr'>mori</span> <span class='ocrx_word' id='word_1_68' title='bbox 775 779 845 816; x_wconf 90' lang='lat' dir='ltr'>pro</span> <span class='ocrx_word' id='word_1_69' title='bbox 875 768 1078 806; x_wconf 90' lang='lat' dir='ltr'>moenibus</span> <span class='ocrx_word' id='word_1_70' title='bbox 1109 768 1253 806; x_wconf 87' lang='lat' dir='ltr'>ardent.</span> 
     </span>
     <span class='ocr_line' id='line_1_13' title="bbox 196 825 1184 876; baseline 0.003 -15"><span class='ocrx_word' id='word_1_71' title='bbox 196 825 346 862; x_wconf 88' lang='lat' dir='ltr'>Interea</span> <span class='ocrx_word' id='word_1_72' title='bbox 375 826 551 862; x_wconf 89' lang='lat' dir='ltr'>Turnum</span> <span class='ocrx_word' id='word_1_73' title='bbox 581 826 620 862; x_wconf 89' lang='lat' dir='ltr'>in</span> <span class='ocrx_word' id='word_1_74' title='bbox 651 826 750 863; x_wconf 88' lang='lat' dir='ltr'>silvis</span> <span class='ocrx_word' id='word_1_75' title='bbox 781 827 1024 865; x_wconf 88' lang='lat' dir='ltr'>saevissimus</span> <span class='ocrx_word' id='word_1_76' title='bbox 1053 828 1184 876; x_wconf 88' lang='lat' dir='ltr'>implet</span> 
     </span>
     <span class='ocr_line' id='line_1_14' title="bbox 142 885 1244 933; baseline 0.001 -12"><span class='ocrx_word' id='word_1_77' title='bbox 142 885 310 929; x_wconf 87' lang='lat' dir='ltr'>nuntius,</span> <span class='ocrx_word' id='word_1_78' title='bbox 341 890 378 920; x_wconf 87' lang='lat' dir='ltr'>et</span> <span class='ocrx_word' id='word_1_79' title='bbox 405 885 531 921; x_wconf 91' lang='lat' dir='ltr'>iuveni</span> <span class='ocrx_word' id='word_1_80' title='bbox 560 885 755 933; x_wconf 90' lang='lat' dir='ltr'>ingentem</span> <span class='ocrx_word' id='word_1_81' title='bbox 785 885 855 922; x_wconf 90' lang='lat' dir='ltr'>fert</span> <span class='ocrx_word' id='word_1_82' title='bbox 884 886 990 923; x_wconf 87' lang='lat' dir='ltr'>Acca</span> <span class='ocrx_word' id='word_1_83' title='bbox 1018 886 1244 923; x_wconf 89' lang='lat' dir='ltr'>tumultum:</span> 
     </span>
     <span class='ocr_line' id='line_1_15' title="bbox 143 942 1140 991; baseline 0.002 -12"><span class='ocrx_word' id='word_1_84' title='bbox 143 943 285 980; x_wconf 86' lang='lat' dir='ltr'>deletas</span> <span class='ocrx_word' id='word_1_85' title='bbox 313 942 544 980; x_wconf 85' lang='lat' dir='ltr'>Volscorum</span> <span class='ocrx_word' id='word_1_86' title='bbox 575 944 686 990; x_wconf 87' lang='lat' dir='ltr'>acies,</span> <span class='ocrx_word' id='word_1_87' title='bbox 717 944 900 982; x_wconf 88' lang='lat' dir='ltr'>cecidisse</span> <span class='ocrx_word' id='word_1_88' title='bbox 930 944 1140 991; x_wconf 86' lang='lat' dir='ltr'>Camillam,</span> 
     </span>
     <span class='ocr_line' id='line_1_16' title="bbox 142 1003 1099 1052; baseline 0.002 -12"><span class='ocrx_word' id='word_1_89' title='bbox 142 1004 317 1052; x_wconf 85' lang='lat' dir='ltr'>ingruere</span> <span class='ocrx_word' id='word_1_90' title='bbox 346 1003 515 1042; x_wconf 85' lang='lat' dir='ltr'>infensos</span> <span class='ocrx_word' id='word_1_91' title='bbox 545 1003 677 1042; x_wconf 83' lang='lat' dir='ltr'>hostes</span> <span class='ocrx_word' id='word_1_92' title='bbox 706 1011 744 1042; x_wconf 89' lang='lat' dir='ltr'>et</span> <span class='ocrx_word' id='word_1_93' title='bbox 774 1005 898 1042; x_wconf 85' lang='lat' dir='ltr'>Marte</span> <span class='ocrx_word' id='word_1_94' title='bbox 928 1005 1099 1042; x_wconf 88' lang='lat' dir='ltr'>secundo</span> 
     </span>
     <span class='ocr_line' id='line_1_17' title="bbox 143 1064 1211 1113; baseline 0.002 -13"><span class='ocrx_word' id='word_1_95' title='bbox 143 1064 274 1101; x_wconf 90' lang='lat' dir='ltr'>omnia</span> <span class='ocrx_word' id='word_1_96' title='bbox 304 1065 541 1113; x_wconf 84' lang='lat' dir='ltr'>corripuisse,</span> <span class='ocrx_word' id='word_1_97' title='bbox 573 1072 718 1101; x_wconf 90' lang='lat' dir='ltr'>metum</span> <span class='ocrx_word' id='word_1_98' title='bbox 748 1065 822 1102; x_wconf 89' lang='lat' dir='ltr'>iam</span> <span class='ocrx_word' id='word_1_99' title='bbox 852 1065 902 1102; x_wconf 90' lang='lat' dir='ltr'>ad</span> <span class='ocrx_word' id='word_1_100' title='bbox 930 1066 1083 1102; x_wconf 88' lang='lat' dir='ltr'>moenia</span> <span class='ocrx_word' id='word_1_101' title='bbox 1114 1065 1211 1103; x_wconf 87' lang='lat' dir='ltr'>ferri.</span> 
     </span>
     <span class='ocr_line' id='line_1_18' title="bbox 144 1122 1182 1174; baseline 0.001 -14"><span class='ocrx_word' id='word_1_102' title='bbox 144 1123 211 1160; x_wconf 91' lang='lat' dir='ltr'>Ille</span> <span class='ocrx_word' id='word_1_103' title='bbox 241 1123 368 1160; x_wconf 87' lang='lat' dir='ltr'>furens</span> <span class='ocrx_word' id='word_1_104' title='bbox 398 1122 451 1174; x_wconf 89' lang='lat' dir='ltr'>(et</span> <span class='ocrx_word' id='word_1_105' title='bbox 481 1136 592 1161; x_wconf 90' lang='lat' dir='ltr'>saeva</span> <span class='ocrx_word' id='word_1_106' title='bbox 621 1124 724 1161; x_wconf 91' lang='lat' dir='ltr'>Iovis</span> <span class='ocrx_word' id='word_1_107' title='bbox 753 1125 806 1161; x_wconf 87' lang='lat' dir='ltr'>sie</span> <span class='ocrx_word' id='word_1_108' title='bbox 836 1124 994 1161; x_wconf 87' lang='lat' dir='ltr'>numina</span> <span class='ocrx_word' id='word_1_109' title='bbox 1023 1123 1182 1174; x_wconf 91' lang='lat' dir='ltr'>pellunt)</span> 
     </span>
     <span class='ocr_line' id='line_1_19' title="bbox 145 1182 1177 1232; baseline 0 -13"><span class='ocrx_word' id='word_1_110' title='bbox 145 1182 282 1219; x_wconf 87' lang='lat' dir='ltr'>deserit</span> <span class='ocrx_word' id='word_1_111' title='bbox 311 1183 493 1219; x_wconf 88' lang='lat' dir='ltr'>obsessos</span> <span class='ocrx_word' id='word_1_112' title='bbox 523 1183 650 1228; x_wconf 87' lang='lat' dir='ltr'>colles,</span> <span class='ocrx_word' id='word_1_113' title='bbox 681 1195 841 1220; x_wconf 88' lang='lat' dir='ltr'>nemora</span> <span class='ocrx_word' id='word_1_114' title='bbox 870 1195 1004 1232; x_wconf 88' lang='lat' dir='ltr'>aspera</span> <span class='ocrx_word' id='word_1_115' title='bbox 1034 1183 1177 1232; x_wconf 85' lang='lat' dir='ltr'>linquit.</span> 
     </span>
     <span class='ocr_line' id='line_1_20' title="bbox 144 1241 1158 1291; baseline 0.001 -14"><span class='ocrx_word' id='word_1_116' title='bbox 144 1241 219 1278; x_wconf 86' lang='lat' dir='ltr'>Vix</span> <span class='ocrx_word' id='word_1_117' title='bbox 249 1253 269 1278; x_wconf 90' lang='lat' dir='ltr'>e</span> <span class='ocrx_word' id='word_1_118' title='bbox 299 1248 508 1290; x_wconf 87' lang='lat' dir='ltr'>conspectu</span> <span class='ocrx_word' id='word_1_119' title='bbox 538 1242 679 1279; x_wconf 85' lang='lat' dir='ltr'>exierat</span> <span class='ocrx_word' id='word_1_120' title='bbox 709 1255 965 1291; x_wconf 85' lang='lat' dir='ltr'>campumque</span> <span class='ocrx_word' id='word_1_121' title='bbox 995 1243 1158 1287; x_wconf 87' lang='lat' dir='ltr'>tenebat,</span> 
     </span>
     <span class='ocr_line' id='line_1_21' title="bbox 145 1300 1104 1350; baseline 0.002 -14"><span class='ocrx_word' id='word_1_122' title='bbox 145 1312 234 1337; x_wconf 91' lang='lat' dir='ltr'>cum</span> <span class='ocrx_word' id='word_1_123' title='bbox 263 1307 370 1349; x_wconf 92' lang='lat' dir='ltr'>pater</span> <span class='ocrx_word' id='word_1_124' title='bbox 399 1301 553 1337; x_wconf 88' lang='lat' dir='ltr'>Aeneas</span> <span class='ocrx_word' id='word_1_125' title='bbox 583 1300 698 1337; x_wconf 89' lang='lat' dir='ltr'>saltus</span> <span class='ocrx_word' id='word_1_126' title='bbox 728 1301 920 1349; x_wconf 90' lang='lat' dir='ltr'>ingressus</span> <span class='ocrx_word' id='word_1_127' title='bbox 950 1308 1104 1350; x_wconf 87' lang='lat' dir='ltr'>apertos</span> 
     </span>
     <span class='ocr_line' id='line_1_22' title="bbox 146 1359 1095 1409; baseline 0.001 -13"><span class='ocrx_word' id='word_1_128' title='bbox 146 1367 422 1408; x_wconf 85' lang='lat' dir='ltr'>exsuperatque</span> <span class='ocrx_word' id='word_1_129' title='bbox 451 1360 582 1407; x_wconf 89' lang='lat' dir='ltr'>iugum</span> <span class='ocrx_word' id='word_1_130' title='bbox 612 1359 779 1408; x_wconf 84' lang='lat' dir='ltr'>silvaque</span> <span class='ocrx_word' id='word_1_131' title='bbox 808 1361 932 1397; x_wconf 87' lang='lat' dir='ltr'>evadit</span> <span class='ocrx_word' id='word_1_132' title='bbox 962 1372 1095 1409; x_wconf 87' lang='lat' dir='ltr'>opaca.</span> 
     </span>
     <span class='ocr_line' id='line_1_23' title="bbox 148 1418 1127 1468; baseline 0 -13"><span class='ocrx_word' id='word_1_133' title='bbox 148 1419 209 1456; x_wconf 87' lang='lat' dir='ltr'>Sic</span> <span class='ocrx_word' id='word_1_134' title='bbox 237 1420 353 1455; x_wconf 87' lang='lat' dir='ltr'>ambo</span> <span class='ocrx_word' id='word_1_135' title='bbox 383 1418 430 1455; x_wconf 87' lang='lat' dir='ltr'>ad</span> <span class='ocrx_word' id='word_1_136' title='bbox 459 1430 590 1456; x_wconf 90' lang='lat' dir='ltr'>muros</span> <span class='ocrx_word' id='word_1_137' title='bbox 619 1419 740 1467; x_wconf 90' lang='lat' dir='ltr'>rapidi</span> <span class='ocrx_word' id='word_1_138' title='bbox 770 1425 928 1468; x_wconf 90' lang='lat' dir='ltr'>totoque</span> <span class='ocrx_word' id='word_1_139' title='bbox 959 1419 1127 1456; x_wconf 87' lang='lat' dir='ltr'>feruntur</span> 
     </span>
     <span class='ocr_line' id='line_1_24' title="bbox 146 1477 1141 1526; baseline 0 -12"><span class='ocrx_word' id='word_1_140' title='bbox 146 1478 298 1526; x_wconf 84' lang='lat' dir='ltr'>agmine</span> <span class='ocrx_word' id='word_1_141' title='bbox 328 1489 399 1514; x_wconf 88' lang='lat' dir='ltr'>nec</span> <span class='ocrx_word' id='word_1_142' title='bbox 427 1477 551 1525; x_wconf 89' lang='lat' dir='ltr'>longis</span> <span class='ocrx_word' id='word_1_143' title='bbox 580 1478 676 1514; x_wconf 92' lang='lat' dir='ltr'>inter</span> <span class='ocrx_word' id='word_1_144' title='bbox 703 1489 743 1515; x_wconf 89' lang='lat' dir='ltr'>se</span> <span class='ocrx_word' id='word_1_145' title='bbox 774 1478 950 1526; x_wconf 88' lang='lat' dir='ltr'>passibus</span> <span class='ocrx_word' id='word_1_146' title='bbox 980 1478 1141 1524; x_wconf 87' lang='lat' dir='ltr'>absunt;</span> 
     </span>
     <span class='ocr_line' id='line_1_25' title="bbox 147 1536 1099 1586; baseline 0 -12"><span class='ocrx_word' id='word_1_147' title='bbox 147 1550 191 1574; x_wconf 88' lang='lat' dir='ltr'>ae</span> <span class='ocrx_word' id='word_1_148' title='bbox 222 1537 330 1574; x_wconf 87' lang='lat' dir='ltr'>simul</span> <span class='ocrx_word' id='word_1_149' title='bbox 361 1536 512 1574; x_wconf 87' lang='lat' dir='ltr'>Aeneas</span> <span class='ocrx_word' id='word_1_150' title='bbox 540 1536 728 1574; x_wconf 86' lang='lat' dir='ltr'>fumantes</span> <span class='ocrx_word' id='word_1_151' title='bbox 756 1537 909 1586; x_wconf 89' lang='lat' dir='ltr'>pulvere</span> <span class='ocrx_word' id='word_1_152' title='bbox 939 1549 1099 1586; x_wconf 89' lang='lat' dir='ltr'>campos</span> 
     </span>
     <span class='ocr_line' id='line_1_26' title="bbox 147 1596 1111 1647; baseline 0 -13"><span class='ocrx_word' id='word_1_153' title='bbox 147 1597 343 1647; x_wconf 81' lang='lat' dir='ltr'>prospexit</span> <span class='ocrx_word' id='word_1_154' title='bbox 371 1597 486 1644; x_wconf 88' lang='lat' dir='ltr'>longe</span> <span class='ocrx_word' id='word_1_155' title='bbox 515 1596 796 1645; x_wconf 85' lang='lat' dir='ltr'>Laurentiaque</span> <span class='ocrx_word' id='word_1_156' title='bbox 827 1598 982 1646; x_wconf 87' lang='lat' dir='ltr'>agmina</span> <span class='ocrx_word' id='word_1_157' title='bbox 1009 1597 1111 1642; x_wconf 89' lang='lat' dir='ltr'>vidit,</span> 
     </span>
     <span class='ocr_line' id='line_1_27' title="bbox 148 1655 1133 1704; baseline 0 -11"><span class='ocrx_word' id='word_1_158' title='bbox 148 1664 184 1694; x_wconf 91' lang='lat' dir='ltr'>et</span> <span class='ocrx_word' id='word_1_159' title='bbox 214 1667 367 1693; x_wconf 88' lang='lat' dir='ltr'>saevum</span> <span class='ocrx_word' id='word_1_160' title='bbox 396 1655 556 1692; x_wconf 87' lang='lat' dir='ltr'>Aenean</span> <span class='ocrx_word' id='word_1_161' title='bbox 586 1656 740 1704; x_wconf 87' lang='lat' dir='ltr'>agnovit</span> <span class='ocrx_word' id='word_1_162' title='bbox 769 1655 924 1693; x_wconf 91' lang='lat' dir='ltr'>Turnus</span> <span class='ocrx_word' id='word_1_163' title='bbox 953 1656 991 1692; x_wconf 93' lang='lat' dir='ltr'>in</span> <span class='ocrx_word' id='word_1_164' title='bbox 1020 1657 1133 1694; x_wconf 90' lang='lat' dir='ltr'>armis</span> 
     </span>
     <span class='ocr_line' id='line_1_28' title="bbox 148 1715 1206 1765; baseline -0.001 -12"><span class='ocrx_word' id='word_1_165' title='bbox 148 1717 428 1764; x_wconf 87' lang='lat' dir='ltr'>adventumque</span> <span class='ocrx_word' id='word_1_166' title='bbox 457 1715 598 1764; x_wconf 90' lang='lat' dir='ltr'>pedum</span> <span class='ocrx_word' id='word_1_167' title='bbox 628 1715 813 1763; x_wconf 85' lang='lat' dir='ltr'>flatusque</span> <span class='ocrx_word' id='word_1_168' title='bbox 842 1715 981 1752; x_wconf 88' lang='lat' dir='ltr'>audivit</span> <span class='ocrx_word' id='word_1_169' title='bbox 1009 1727 1206 1765; x_wconf 88' lang='lat' dir='ltr'>equorum.</span> 
     </span>
     <span class='ocr_line' id='line_1_29' title="bbox 149 1775 1222 1824; baseline -0.003 -11"><span class='ocrx_word' id='word_1_170' title='bbox 149 1776 420 1824; x_wconf 89' lang='lat' dir='ltr'>Continuoque</span> <span class='ocrx_word' id='word_1_171' title='bbox 449 1776 578 1811; x_wconf 87' lang='lat' dir='ltr'>ineant</span> <span class='ocrx_word' id='word_1_172' title='bbox 607 1786 757 1823; x_wconf 88' lang='lat' dir='ltr'>pugnas</span> <span class='ocrx_word' id='word_1_173' title='bbox 787 1781 824 1811; x_wconf 91' lang='lat' dir='ltr'>et</span> <span class='ocrx_word' id='word_1_174' title='bbox 853 1775 997 1823; x_wconf 86' lang='lat' dir='ltr'>proelia</span> <span class='ocrx_word' id='word_1_175' title='bbox 1025 1782 1222 1823; x_wconf 87' lang='lat' dir='ltr'>temptent,</span> 
     </span>
     <span class='ocr_line' id='line_1_30' title="bbox 150 1833 1169 1882; baseline -0.001 -10"><span class='ocrx_word' id='word_1_176' title='bbox 150 1835 189 1871; x_wconf 92' lang='lat' dir='ltr'>ni</span> <span class='ocrx_word' id='word_1_177' title='bbox 217 1846 350 1872; x_wconf 89' lang='lat' dir='ltr'>roseus</span> <span class='ocrx_word' id='word_1_178' title='bbox 379 1833 502 1871; x_wconf 88' lang='lat' dir='ltr'>sessos</span> <span class='ocrx_word' id='word_1_179' title='bbox 531 1834 607 1870; x_wconf 89' lang='lat' dir='ltr'>iam</span> <span class='ocrx_word' id='word_1_180' title='bbox 636 1833 783 1882; x_wconf 86' lang='lat' dir='ltr'>gurgite</span> <span class='ocrx_word' id='word_1_181' title='bbox 812 1833 992 1871; x_wconf 83' lang='lat' dir='ltr'>Phoebus</span> <span class='ocrx_word' id='word_1_182' title='bbox 1022 1835 1169 1871; x_wconf 85' lang='lat' dir='ltr'>Hibero</span> 
     </span>
     <span class='ocr_line' id='line_1_31' title="bbox 150 1892 1159 1942; baseline -0.001 -12"><span class='ocrx_word' id='word_1_183' title='bbox 150 1894 270 1942; x_wconf 88' lang='lat' dir='ltr'>tingat</span> <span class='ocrx_word' id='word_1_184' title='bbox 299 1905 420 1942; x_wconf 88' lang='lat' dir='ltr'>equos</span> <span class='ocrx_word' id='word_1_185' title='bbox 449 1899 680 1941; x_wconf 88' lang='lat' dir='ltr'>noctemque</span> <span class='ocrx_word' id='word_1_186' title='bbox 710 1893 772 1929; x_wconf 89' lang='lat' dir='ltr'>die</span> <span class='ocrx_word' id='word_1_187' title='bbox 801 1892 951 1930; x_wconf 90' lang='lat' dir='ltr'>labente</span> <span class='ocrx_word' id='word_1_188' title='bbox 981 1893 1159 1930; x_wconf 88' lang='lat' dir='ltr'>reducat:</span> 
     </span>
     <span class='ocr_line' id='line_1_32' title="bbox 152 1952 1218 1990; baseline 0.002 -2"><span class='ocrx_word' id='word_1_189' title='bbox 152 1953 357 1990; x_wconf 85' lang='lat' dir='ltr'>considunt</span> <span class='ocrx_word' id='word_1_190' title='bbox 385 1952 515 1990; x_wconf 87' lang='lat' dir='ltr'>castris</span> <span class='ocrx_word' id='word_1_191' title='bbox 542 1958 630 1989; x_wconf 88' lang='lat' dir='ltr'>ante</span> <span class='ocrx_word' id='word_1_192' title='bbox 660 1952 793 1989; x_wconf 89' lang='lat' dir='ltr'>urbem</span> <span class='ocrx_word' id='word_1_193' title='bbox 823 1960 860 1990; x_wconf 90' lang='lat' dir='ltr'>et</span> <span class='ocrx_word' id='word_1_194' title='bbox 887 1953 1041 1990; x_wconf 89' lang='lat' dir='ltr'>moenia</span> <span class='ocrx_word' id='word_1_195' title='bbox 1070 1952 1218 1990; x_wconf 87' lang='lat' dir='ltr'>vallant.</span> 
     </span>
    </p>
   </div>
   <div class='ocr_carea' id='block_1_3' title="bbox 1466 184 1527 224">
    <p class='ocr_par' dir='ltr' id='par_1_3' title="bbox 1466 184 1527 224">
     <span class='ocr_line' id='line_1_33' title="bbox 1466 184 1527 224; baseline 0 -8"><span class='ocrx_word' id='word_1_196' title='bbox 1466 184 1527 224; x_wconf 85' lang='lat'>885</span> 
     </span>
    </p>
   </div>
   <div class='ocr_carea' id='block_1_4' title="bbox 1467 479 1530 520">
    <p class='ocr_par' dir='ltr' id='par_1_4' title="bbox 1467 479 1530 520">
     <span class='ocr_line' id='line_1_34' title="bbox 1467 479 1530 520; baseline 0 -11"><span class='ocrx_word' id='word_1_197' title='bbox 1467 479 1530 520; x_wconf 86' lang='lat'>890</span> 
     </span>
    </p>
   </div>
   <div class='ocr_carea' id='block_1_5' title="bbox 1467 1081 1531 1114">
    <p class='ocr_par' dir='ltr' id='par_1_5' title="bbox 1467 1081 1531 1114">
     <span class='ocr_line' id='line_1_35' title="bbox 1467 1081 1531 1114; baseline 0.016 -13"><span class='ocrx_word' id='word_1_198' title='bbox 1467 1081 1531 1114; x_wconf 83' lang='lat'>900</span> 
     </span>
    </p>
   </div>
   <div class='ocr_carea' id='block_1_6' title="bbox 1467 1375 1529 1407">
    <p class='ocr_par' dir='ltr' id='par_1_6' title="bbox 1467 1375 1529 1407">
     <span class='ocr_line' id='line_1_36' title="bbox 1467 1375 1529 1407; baseline -0.016 0"><span class='ocrx_word' id='word_1_199' title='bbox 1467 1375 1529 1407; x_wconf 86' lang='lat'>905</span> 
     </span>
    </p>
   </div>
   <div class='ocr_carea' id='block_1_7' title="bbox 1467 1672 1532 1705">
    <p class='ocr_par' dir='ltr' id='par_1_7' title="bbox 1467 1672 1532 1705">
     <span class='ocr_line' id='line_1_37' title="bbox 1467 1672 1532 1705; baseline -0.015 -11"><span class='ocrx_word' id='word_1_200' title='bbox 1467 1672 1532 1705; x_wconf 87' lang='lat'>910</span> 
     </span>
    </p>
   </div>
   <div class='ocr_carea' id='block_1_8' title="bbox 1470 1968 1533 1999">
    <p class='ocr_par' dir='ltr' id='par_1_8' title="bbox 1470 1968 1533 1999">
     <span class='ocr_line' id='line_1_38' title="bbox 1470 1968 1533 1999; baseline -0.016 0"><span class='ocrx_word' id='word_1_201' title='bbox 1470 1968 1533 1999; x_wconf 83' lang='lat'>915</span> 
     </span>
    </p>
   </div>
  </div>
 </body>
</html>
