1669 2737
167 69 246 122 178
745 77 968 114 AENEJS.

165 183 371 234 Excipiunt
399 184 534 234 plausu
562 185 722 235 pavidos
751 187 996 236 gaudentque
1025 193 1176 225 tuentes

164 242 406 281 Dardanidae
434 251 679 294 veterumque
708 254 925 294 agnoscunt
953 258 1021 283 ora
1049 253 1261 295 parentum.

166 302 373 352 Postquam
404 315 561 341 omnem
589 304 676 341 laeti
706 316 932 342 consessum
962 306 1170 355 oculosque
1200 316 1357 343 suorum

164 361 368 400 lustravere
397 362 436 399 in
464 363 584 412 equis,
615 364 768 411 signum
798 364 964 402 clamore
992 365 1132 414 paratis

163 420 347 471 Epytides
375 422 491 471 longe
522 423 625 461 dedit
654 423 898 473 insonuitque
928 424 1091 473 flagello.

165 480 239 518 Olli
269 481 477 518 discurrere
507 494 629 530 pares,
659 489 773 531 atque
802 484 956 531 agmina
985 483 1080 520 terni

164 539 327 578 diductis
357 540 500 578 solvere
529 540 666 587 choris,
697 554 900 591 rursusque
928 543 1051 580 vocati

164 605 382 636 convertere
410 600 489 637 vias
518 600 728 650 infestaque
757 601 830 638 tela
859 601 987 639 tulere.

164 658 260 696 Inde
290 659 382 695 alios
411 658 542 695 ineunt
572 672 704 697 cursus
733 660 902 709 aliosque
931 673 1105 698 recursus

163 717 308 754 adversi
338 718 479 766 spatiis,
510 718 750 767 alternosque
780 721 934 757 orbibus
963 721 1076 757 orbes

163 777 386 826 impediunt,
416 790 645 827 pugnaeque
675 779 775 815 cient
804 779 1004 817 simulacra
1033 780 1104 817 sub
1133 780 1269 826 armis;
1319 812 1333 829 ⁸

163 844 200 875 et
228 849 330 874 nunc
359 844 466 885 terga
494 837 584 886 fuga
613 838 770 884 nudant,
802 851 903 876 nunc
932 839 1076 888 spicula
1104 845 1252 876 vertunt

163 896 310 940 infensi,
340 896 440 933 facta
468 897 606 945 pariter
634 909 736 934 nunc
765 910 860 946 pace
890 898 1066 935 feruntur.

163 956 218 994 Ut
247 956 443 1005 quondam
474 956 586 994 Creta
614 956 728 994 fertur
756 957 1010 1007 Labyrinthus
1040 959 1079 995 in
1108 958 1183 995 alta

163 1017 368 1066 parietibus
398 1023 545 1053 textum
575 1017 699 1054 caecis
728 1018 796 1054 iter
825 1019 1104 1067 ancipitemque

162 1076 263 1113 mille
293 1075 360 1112 viis
389 1075 567 1113 habuisse
597 1076 738 1122 dolum,
770 1089 844 1126 qua
873 1079 983 1126 signa
1011 1077 1195 1126 sequendi

164 1136 353 1184 frangeret
381 1135 633 1183 indeprensus
662 1142 698 1172 et
727 1137 969 1174 irremeabilis
999 1149 1119 1174 error:

163 1195 266 1232 haud
295 1194 368 1231 alio
400 1193 594 1231 Teucrum
624 1195 701 1232 nati
731 1196 887 1245 vestigia
917 1209 1029 1234 cursu

163 1254 386 1303 impediunt,
417 1260 627 1303 texuntque
657 1255 766 1303 fugas
795 1263 831 1292 et
860 1256 1004 1304 proelia
1032 1256 1134 1302 lud0‚

163 1314 386 1363 delphinum
414 1314 567 1359 similes,
597 1314 662 1362 qui
692 1327 759 1363 per
787 1316 906 1352 maria
934 1316 1065 1353 umida
1093 1315 1223 1353 nando

164 1373 411 1422 Carpathium
441 1372 706 1423 Libycumque
737 1382 867 1412 secant
898 1372 1125 1427 [luduntque
1154 1387 1221 1424 per
1249 1370 1423 1426 undas].„

165 1433 283 1470 Hunc
312 1444 461 1470 morem
491 1444 623 1469 cursus
653 1439 766 1481 atque
795 1433 890 1471 haec
920 1435 1126 1472 certamina
1154 1435 1297 1482 primus

164 1492 363 1537 Ascanius,
392 1491 571 1540 Longam
601 1493 719 1529 muris
749 1504 837 1529 curn
868 1493 1036 1542 cingeret
1065 1494 1218 1539 Albam,

164 1552 302 1590 rettulit
330 1558 366 1588 et
396 1551 546 1588 Priscos
576 1552 704 1589 docuit
733 1552 922 1590 celebrare
953 1553 1123 1598 Latinos,

164 1624 241 1660 quo
272 1623 365 1660 puer
393 1611 474 1659 ipse
503 1611 634 1656 modo,
665 1623 795 1648 secum
826 1624 903 1660 quo
933 1612 1054 1650 Tro'sa
1082 1614 1228 1662 pubes;

164 1670 302 1707 Albani
331 1669 495 1707 docuere
526 1681 636 1715 suos;
677 1670 764 1707 hinc
794 1671 964 1708 maxima
990 1684 1106 1720 porro

163 1730 311 1778 accepit
340 1728 468 1766 Roma
496 1736 532 1766 et
560 1729 724 1777 patrium
755 1730 913 1766 servavit
942 1730 1151 1777 honorem;

165 1789 361 1836 Troiaque
390 1800 503 1831 nunc,
536 1788 643 1837 pueri
673 1788 886 1825 Troianum
917 1789 1052 1826 dicitur
1080 1802 1230 1839 agmen.

164 1847 251 1884 Hac
281 1847 469 1884 celebrata
500 1854 610 1884 tenus
640 1854 774 1885 sancto
805 1848 1014 1885 certamina
1043 1850 1150 1897 patri.

217 1906 322 1943 Hinc
351 1907 516 1955 primum
544 1906 714 1943 Fortuna
743 1906 857 1943 fidem
887 1914 1032 1944 mutata
1061 1908 1225 1946 novavit.

163 1966 267 2003 Dum
296 1966 405 2002 variis
434 1965 582 2003 tumulo
611 1965 778 2002 referunt
807 1965 1007 2003 sollemnia
1035 1966 1144 2013 ludis,

163 2025 255 2062 Irim
283 2025 331 2062 de
360 2024 466 2062 caelo
495 2025 597 2061 misit
626 2023 802 2062 Saturnia
830 2025 930 2062 Iuno

163 2084 318 2121 Iliacam
347 2083 396 2120 ad
425 2084 598 2128 classem,
627 2089 837 2132 ventosque
867 2084 1007 2132 aspirat
1035 2085 1149 2132 eunti,

162 2144 281 2180 multa
308 2155 467 2180 movens
497 2143 662 2180 necdum
692 2144 892 2192 antiquum
921 2150 1086 2181 saturata
1115 2144 1300 2182 dolorem.

163 2203 242 2247 Illa,
272 2202 371 2239 viam
400 2203 568 2240 celerans
597 2214 665 2251 per
693 2202 794 2239 mille
824 2203 1015 2240 coloribus
1043 2215 1185 2248 arcum,

163 2262 253 2299 nulli
281 2262 361 2299 visa
390 2262 465 2299 cito
496 2261 658 2299 decurrit
687 2262 832 2298 tramite
861 2262 978 2310 virgo.

164 2321 361 2369 Conspicit
389 2320 583 2369 ingentem
613 2332 841 2358 concursum
870 2327 907 2358 et
935 2321 1045 2358 litora
1073 2321 1216 2369 lustrat,

164 2381 408 2429 desertosque
437 2380 537 2416 videt
565 2386 699 2429 portus
728 2380 966 2429 classemque
995 2380 1176 2418 relictam.

163 2441 214 2478 At
243 2440 374 2490 procul
402 2440 442 2477 in
472 2439 553 2477 sola
583 2446 747 2478 secretae
778 2439 954 2483 Troades
983 2446 1067 2478 acta

1487 201 1550 235 575

1487 489 1551 528 580

1486 1089 1550 1122 590

1486 1389 1546 1420 595

1487 1676 1550 1708 600

1487 1972 1548 2013 605

1487 2269 1549 2300 610
