1669 2737
625 518 1059 580 AENEIS.

592 706 784 747 LIBER
830 706 1083 748 PRIMUS.

197 828 283 882 [Ille
310 844 382 880 ego,
412 832 480 879 qui
505 832 682 879 quondam
706 831 853 880 gracili
878 831 1081 867 modulatus
1109 842 1223 866 avena

200 890 371 935 Carmen,
400 896 433 927 el
458 903 623 940 egressus
651 891 759 927 silvis
789 891 914 927 vicina
943 890 1042 938 coegi

198 955 239 986 ul
265 952 429 998 quamv&
458 951 565 987 avido
586 955 765 999 parerent
791 962 887 986 arva
916 951 1043 994 colono,

191 1014 343 1058 graium
366 1016 454 1058 opus
481 1010 669 1058 agricole&
696 1014 739 1045 al
764 1022 860 1045 nunc
887 1009 1075 1046 horrentia
1104 1005 1267 1060 Illarlt‘s]

144 1090 263 1126 ARMA
291 1089 490 1137 virumque
519 1100 628 1133 cano,
660 1088 802 1125 Troiae
832 1088 896 1136 qui
926 1088 1070 1136 primus
1099 1088 1147 1124 ab
1177 1087 1253 1124 oris

145 1148 293 1184 Italiam
325 1147 403 1184 fato
432 1147 620 1195 profugus
650 1146 872 1195 Lavinaque
903 1147 1005 1183 venit

144 1207 260 1251 litora,
291 1206 453 1242 multum
482 1206 541 1242 ille
571 1213 607 1243 et
636 1206 741 1243 terris
771 1206 930 1243 iactatus
960 1213 996 1244 et
1026 1206 1103 1243 alto

144 1267 179 1302 vi
207 1278 386 1314 superum
417 1277 551 1302 saevae
580 1277 793 1302 memorem
823 1265 982 1302 Iunonis
1012 1267 1064 1303 ob
1094 1266 1198 1306 iram,

144 1325 264 1362 multa
292 1337 446 1373 quoque
475 1332 511 1361 et
540 1324 640 1361 bello
669 1336 814 1372 passus,
846 1324 937 1360 durn
967 1324 1151 1361 conderet
1181 1324 1315 1361 urbem

145 1384 372 1433 inferretque
402 1384 495 1421 deos
525 1383 648 1429 Latio,
680 1396 802 1433 genus
832 1384 936 1420 unde
966 1383 1146 1420 Latinum

145 1443 364 1492 Albanique
394 1450 518 1491 patres
548 1451 661 1492 atque
691 1444 789 1480 altae
818 1444 973 1480 moenia
1004 1443 1165 1480 Romae.

200 1502 325 1547 Musa,
355 1502 447 1538 mihi
476 1514 611 1539 causas
640 1514 822 1545 memora,
855 1513 932 1551 quo
963 1502 1119 1538 numine
1148 1502 1252 1538 laeso

147 1562 285 1612 quidve
315 1560 450 1598 dolens
480 1562 612 1610 regina
641 1561 756 1598 deum
785 1567 841 1597 tot
871 1560 1020 1597 volvere
1051 1572 1161 1597 casus

147 1621 337 1669 insignem
367 1621 506 1668 pietate
535 1620 666 1665 virum,
697 1626 752 1656 tot
780 1619 883 1655 adire
913 1619 1065 1655 labores

148 1679 347 1728 impulerit.
404 1678 606 1715 Tantaene
636 1678 772 1715 animis
808 1677 1032 1715 caelestibus
1061 1678 1164 1714 irae?

201 1738 303 1775 Urbs
332 1738 488 1786 antiqua
518 1738 584 1775 fuit
614 1737 737 1788 (Tyrii
765 1744 920 1775 tenuere
950 1737 1105 1788 coloni),

149 1797 356 1845 Carthago,
386 1797 535 1834 Italiam
565 1804 697 1834 contra
727 1796 985 1844 Tiberinaque
1015 1796 1130 1843 longe

149 1857 255 1901 ostia,
286 1857 390 1893 dives
420 1869 540 1905 opum
570 1856 779 1904 studiisque
809 1856 1017 1904 asperrima
1045 1855 1156 1899 belli;

149 1927 265 1964 quarn
295 1915 393 1952 Iuno
424 1915 537 1952 fertur
566 1916 670 1952 terris
700 1915 823 1963 magis
853 1914 1032 1951 omnibus
1062 1924 1180 1949 unam

148 1974 367 2023 posthabita
397 1974 558 2011 coluisse
590 1973 731 2010 Samo:
770 1973 830 2009 hic
860 1973 956 2009 illius
987 1984 1105 2016 arma,

149 2034 210 2070 hie
240 2045 369 2070 currus
398 2033 488 2078 fuit;
528 2033 603 2070 hoc
632 2045 794 2082 regnum
823 2032 895 2069 dea
923 2032 1101 2080 gentibus
1126 2042 1209 2068 esse

151 2094 180 2130 si
209 2105 284 2142 qua
314 2092 389 2129 fata
417 2093 553 2137 sinant,
583 2093 659 2129 iam
690 2101 771 2129 turn
805 2091 1000 2140 tenditque
1029 2089 1217 2138 fovetque.

151 2152 378 2200 Progeniem
409 2152 475 2188 sed
504 2152 607 2189 enim
637 2151 811 2188 Troiano
841 2163 863 2188 a
892 2150 1078 2199 sanguine
1107 2149 1194 2186 duci

152 2211 332 2256 audierat,
363 2210 501 2259 Tyrias
529 2211 620 2248 olim
651 2223 748 2260 quae
777 2216 933 2247 verteret
963 2220 1093 2252 arces;

151 2271 240 2308 hinc
269 2270 457 2320 populum
486 2270 559 2307 late
590 2283 719 2320 regem
749 2270 927 2318 belloque
957 2268 1165 2317 superbum

151 2337 351 2367 venturum
381 2329 531 2366 excidio
563 2329 728 2378 Libyae:
771 2330 823 2366 Sic
853 2328 1002 2365 volvere
1032 2327 1182 2363 Parcas.

152 2391 198 2428 Id
227 2397 402 2427 metuens
431 2390 642 2438 veterisque
671 2401 821 2426 memor
852 2388 1026 2425 Saturnia
1053 2386 1151 2430 belli,

152 2451 274 2499 prima
303 2448 408 2499 quod
437 2448 484 2486 ad
513 2447 674 2485 Troiam
703 2460 773 2497 pro
805 2447 900 2485 caris
929 2452 1096 2496 gesserat
1125 2445 1257 2495 Argis:

1504 1631 1543 1653 10

1505 1924 1543 1956 15

1504 2218 1546 2241 20
