1669 2737
145 75 223 116 190
712 70 936 108 AENEJS.

140 180 170 216 si
199 186 235 216 te
265 178 340 216 fata
369 185 526 216 vocant:
567 179 670 217 aliter
700 192 780 217 non
808 181 946 219 viribus
976 181 1060 219 ullis

140 239 290 275 vincere
320 250 391 275 nec
421 238 516 275 duro
545 239 687 287 poteris
718 241 929 278 convellere
958 241 1066 278 ferro.

140 297 338 334 Praeterea
367 297 465 334 iacet
493 298 711 335 exanimum
741 299 808 336 tibi
838 312 977 348 corpus
1006 299 1118 336 amici

141 356 231 406 (heu
260 356 402 404 nescis)
434 362 632 406 totamque
662 358 824 395 incestat
853 358 983 395 funere
1014 358 1185 404 classem,

140 415 230 452 dum
260 415 434 452 consulta
462 416 558 464 petis
588 424 798 465 nostroque
828 417 866 453 in
894 417 1023 453 limine
1052 416 1209 466 pendes.

142 474 303 512 Sedibus
333 474 433 511 hunc
463 474 559 511 refer
589 482 674 511 ante
705 476 782 512 suis
811 482 848 513 et
877 476 1001 513 conde
1032 475 1218 524 sepulcro.

140 534 226 571 Duc
255 534 382 582 nigras
411 534 602 582 pecudes;
642 547 688 571 ea
716 535 839 583 prima
866 535 1014 584 piacula
1043 543 1166 572 sunto.

142 593 203 630 Sic
233 592 388 629 demum
417 592 525 630 lucos
557 592 683 642 Stygis
712 600 749 630 et
777 606 896 642 regna
924 594 1024 630 invia
1052 593 1142 630 vivis

141 651 321 701 aspicies.'
378 651 485 688 Dixit
512 664 723 701 pressoque
752 653 942 690 obmutuit
969 665 1048 690 ore.

194 712 346 748 Aeneas
375 717 522 747 maesto
553 710 699 748 defixus
729 711 873 748 lumina
902 712 1004 749 vultu

140 770 356 819 ingreditur,
388 769 563 817 linquens
593 776 753 815 antrum,
783 783 994 820 caecosque
1024 771 1166 807 volutat

141 837 296 868 eventus
326 829 454 866 animo
485 841 626 866 secum.
686 829 757 867 Cui
786 830 885 868 fidus
915 831 1083 868 Achates

142 892 169 927 it
198 901 329 926 comes
359 895 395 925 et
423 888 575 936 paribus
605 889 703 926 curis
732 891 889 938 vestigia
918 890 1008 939 figit.

142 950 266 987 Multa
295 951 391 986 inter
421 961 504 986 sese
534 949 637 986 vario
667 961 843 987 sermone
874 951 1060 996 serebant,

141 1022 257 1058 quem
287 1009 435 1046 socium
464 1008 682 1045 exanimem
711 1016 824 1054 vates,
856 1010 961 1057 quod
990 1021 1129 1058 corpus
1158 1008 1394 1046 humandum

142 1070 303 1106 diceret:
343 1075 456 1117 atque
484 1067 535 1104 illi
566 1067 759 1105 Misenum
790 1069 828 1105 in
858 1070 964 1106 litore
995 1069 1110 1114 sicco,

141 1135 180 1164 ut
208 1140 355 1172 venere,
386 1127 514 1164 vident
542 1127 699 1175 indigna
727 1135 850 1165 morte
879 1136 1129 1177 peremptum,

142 1187 337 1224 Misenum
367 1186 566 1231 Aeoliden,
597 1198 673 1235 quo
703 1199 782 1223 non
810 1188 1062 1235 praestantior
1092 1188 1181 1225 alter

142 1258 228 1283 aere
259 1246 357 1283 ciere
387 1246 486 1282 viros
517 1244 758 1294 Martemque
787 1246 996 1283 accendere
1027 1254 1152 1284 cantu.

144 1305 325 1343 Hectoris
354 1304 415 1342 hic
443 1305 574 1352 magni
603 1304 723 1341 fuerat
752 1317 893 1351 comes,
925 1305 1094 1342 Hectora
1124 1306 1265 1343 circum

142 1372 179 1401 et
207 1364 298 1401 lituo
327 1375 477 1412 pugnas
506 1363 665 1412 insignis
694 1364 825 1401 obibat
855 1371 890 1401 et
920 1363 1037 1401 hasta.

143 1424 352 1472 Postquam
382 1423 486 1459 illurn
515 1422 589 1459 vita
617 1424 735 1460 victor
764 1423 937 1471 spoliavit
966 1424 1143 1469 Achilles,

143 1483 340 1519 Dardanio
369 1482 525 1518 Aeneae
555 1493 637 1518 sese
667 1482 895 1519 fortissimus
924 1481 1037 1519 heros

143 1542 341 1578 addiderat
371 1541 530 1585 socium,
560 1552 640 1576 non
670 1539 845 1577 inferiora
874 1548 1035 1578 secutus.

145 1601 221 1638 Sed
250 1608 331 1637 tum
360 1600 455 1637 forte
485 1611 577 1636 cava
605 1599 695 1635 dum
726 1607 906 1648 personat
935 1613 1101 1649 aequora
1123 1601 1291 1647 concha,

144 1662 314 1707 demens,
345 1668 381 1698 et
410 1666 523 1697 cantu
552 1666 664 1696 vocat
692 1660 730 1696 in
760 1660 967 1697 certamina
996 1661 1114 1704 divos,

144 1721 314 1758 aemulus
344 1726 547 1768 exceptum
578 1718 728 1764 Triton,
760 1719 790 1755 si
820 1719 972 1756 credere
1002 1720 1161 1769 dignum
1191 1728 1258 1765 est,

144 1782 240 1817 inter
269 1791 361 1816 saxa
389 1779 509 1814 virum
539 1789 721 1826 spumosa
750 1777 985 1815 immerserat
1012 1779 1125 1816 unda.

144 1838 249 1887 Ergo
279 1849 414 1875 omnes
443 1848 587 1885 magno
617 1837 759 1873 circum
789 1837 956 1874 clamore
985 1837 1209 1883 fremebant,

145 1898 348 1946 praecipue
378 1897 463 1945 pius
492 1896 653 1933 Aeneas.
711 1896 815 1932 Tum
844 1896 945 1932 iussa
974 1895 1149 1944 Sibyllae,

146 1958 247 1995 haud
275 1969 392 2001 mora,
421 1956 602 1993 festinant
630 1955 766 1992 flentes
795 1967 974 2003 aramque
1003 1956 1165 2004 sepulcri

146 2028 351 2065 congerere
381 2015 579 2052 arboribus
607 2014 791 2062 caeloque
820 2014 982 2051 educere
1012 2021 1167 2052 certant.

145 2076 224 2112 Itur
251 2077 290 2112 in
320 2075 515 2124 antiquam
545 2074 687 2118 silvam,
718 2073 865 2110 stabula
894 2073 969 2109 alta
998 2073 1172 2119 ferarum,

145 2135 402 2184 procumbunt
430 2134 573 2182 piceae,
604 2139 714 2170 sonat
743 2133 816 2169 icta
845 2134 1038 2169 securibus
1069 2133 1153 2178 ilex,

145 2194 415 2241 fraxineaeque
443 2193 570 2229 trabes
599 2193 730 2230 cuneis
759 2199 796 2228 et
825 2191 938 2229 fissile
967 2191 1083 2228 robur

146 2253 340 2297 scinditur,
369 2252 575 2289 advolvunt
605 2252 781 2300 ingentes
811 2251 1006 2288 montibus
1037 2262 1165 2288 ornos.

146 2313 229 2350 Nec
258 2324 337 2348 non
367 2312 521 2348 Aeneas
550 2323 668 2359 opera
697 2311 793 2347 inter
822 2310 909 2347 talia
937 2311 1080 2359 primus

146 2372 316 2408 hortatur
345 2371 470 2407 socios
500 2370 731 2419 paribusque
761 2370 972 2418 accingitur
1000 2369 1125 2406 armis.

147 2431 274 2480 Atque
303 2429 397 2467 haec
426 2430 506 2479 ipse
536 2441 606 2468 suo
636 2429 728 2468 tristi
756 2441 844 2467 cum
875 2429 991 2467 corde
1019 2428 1175 2474 volutat,

1465 370 1525 402 150

1464 665 1524 697 155

1466 955 1525 986 160

1470 1852 1528 1886 Ι75

1471 2141 1531 2173 180

1470 2435 1529 2475 185
