1669 2737
155 50 236 92 274
735 47 959 82 AENEJS.

153 155 335 205 Tydides.
392 154 583 204 Equidem
614 155 739 203 credo,
770 168 857 194 mea
886 157 1040 193 vulnera
1074 161 1214 193 restant

154 223 189 252 et
219 222 281 251 tua
310 215 514 263 progenies
543 216 717 253 mortalia
747 216 925 253 demoror
954 227 1068 253 arma.

155 275 194 310 Si
224 274 304 310 sine
333 285 428 322 pace
458 281 521 311 tua
550 281 663 323 atque
694 276 810 312 invito
839 276 995 312 numine
1025 274 1150 311 Troes

154 333 302 370 Italiam
331 333 482 381 petiere,
514 333 619 370 luant
648 341 807 383 peccata
836 347 961 384 neque
992 334 1076 371 illos

154 393 288 429 iuveris
317 392 476 436 auxilio;
518 393 573 429 sin
603 399 658 429 tot
687 406 872 442 responsa
901 393 1030 437 secuti,

156 463 252 501 quae
283 451 415 500 Superi
446 451 661 501 Manesque
691 452 842 497 dabant,
873 465 940 490 cur
969 465 1071 490 nunc
1101 458 1166 489 tua
1195 452 1397 501 quisquam

155 519 298 547 vertere
328 511 428 547 iussa
456 517 583 559 potest
611 518 674 548 aut
704 524 770 548 cur
799 524 898 548 nova
927 512 1094 549 condere
1125 511 1225 548 fata?

157 570 248 619 quid
277 577 445 618 repetam
475 577 626 607 exustas
657 570 822 618 Erycino
851 571 889 607 in
918 571 1024 608 litore
1054 571 1206 616 classes,

158 629 247 678 quid
277 636 544 678 tempestatum
574 641 702 676 regem
734 636 943 679 ventosque
973 630 1140 667 furentes

158 689 292 725 Aeolia
321 689 466 726 excitos
496 695 560 725 aut
589 695 711 725 actam
742 689 908 725 nubibus
939 689 1054 726 Irim?

158 760 259 785 nunc
289 748 401 784 etiam
432 747 569 784 Manes
599 747 710 796 (haec
742 748 967 797 intemptata
996 749 1175 786 manebat

160 819 241 845 sors
270 805 410 857 rerum)
440 813 589 852 movet3
629 813 666 842 et
695 807 841 854 superis
870 808 1042 844 immissa
1070 814 1225 856 repente

159 866 306 903 Allecto
336 866 481 902 medias
512 865 648 902 Italum
677 865 862 902 bacchata
889 878 958 914 per
986 868 1109 904 urbes.

160 925 224 962 Nil
254 937 367 973 super
396 925 555 973 imperio
585 936 764 961 moveor:
806 925 1040 973 speravimus
1068 926 1150 970 ista,

160 986 253 1023 dum
282 985 431 1022 fortuna
458 985 549 1030 fuit;
589 985 741 1021 vincant
771 996 868 1033 quos
897 986 1047 1022 vincere
1076 986 1207 1023 mavis.

161 1046 201 1083 Si
230 1046 333 1082 nulla
362 1053 418 1083 est
447 1046 563 1094 regio,
596 1044 757 1082 Teucris
787 1057 901 1093 quam
933 1046 996 1082 det
1025 1053 1088 1082 tua
1117 1046 1283 1082 coniunx

161 1106 264 1150 dura,
296 1117 362 1154 per
391 1117 553 1150 eversae,
586 1103 756 1149 Genitor,
787 1104 970 1141 fumantia
999 1105 1139 1142 Troiae

161 1165 309 1202 excidia
337 1165 518 1209 obtestor,
548 1164 659 1201 liceat
689 1164 874 1201 dimittere
904 1165 952 1201 ab
982 1164 1096 1201 armis

161 1225 390 1261 incolumem
421 1224 642 1269 Ascanium,
674 1224 784 1261 liceat
815 1236 1012 1273 superesse
1041 1231 1234 1273 nepotem.

161 1285 313 1322 Aeneas
343 1296 433 1321 sane
462 1284 600 1332 ignotis
632 1284 788 1321 iactetur
817 1285 856 1321 in
886 1284 997 1321 undis

162 1351 209 1389 et,
240 1355 522 1392 quamcumque
551 1343 651 1380 viam
687 1344 830 1381 dederit
860 1343 1038 1388 Fortuna,
1068 1348 1270 1392 sequatur:

162 1403 264 1440 hunc
293 1410 419 1451 tegere
449 1410 486 1440 et
516 1403 618 1440 dirae
648 1403 796 1440 valeam
827 1403 1036 1440 subducere
1066 1414 1227 1452 pugnae.

162 1462 232 1500 Est
260 1462 458 1507 Amathus,
489 1468 545 1499 est
574 1463 674 1500 celsa
704 1462 795 1499 mihi
825 1461 980 1511 Paphus
1010 1468 1123 1510 atque
1153 1461 1316 1510 Cythera

164 1521 381 1570 Idaliaeque
412 1522 571 1559 domus:
609 1522 743 1571 positis
773 1522 953 1570 inglorius
983 1522 1096 1558 armis

164 1582 290 1630 exigat
319 1581 379 1618 hic
411 1594 559 1619 aevum.
617 1581 763 1630 Magna
792 1581 934 1618 ditione
964 1581 1090 1617 iubeto

165 1640 357 1689 Carthago
387 1648 534 1689 premat
562 1641 796 1679 Ausoniam:
837 1640 928 1677 nihil
951 1640 1112 1676 urbibus
1141 1638 1229 1675 inde

165 1701 329 1738 obstabit
359 1700 495 1749 Tyriis.
554 1700 657 1746 Quid
686 1708 831 1749 pestem
862 1700 1019 1737 evadere
1049 1699 1134 1736 belli

165 1760 253 1797 iuvit
282 1767 318 1797 et
347 1760 549 1807 Argolicos
577 1759 744 1796 medium
774 1759 916 1808 fugisse
946 1771 1013 1808 per
1042 1759 1149 1806 ignes

164 1825 295 1868 totque
325 1820 439 1855 maris
468 1826 671 1868 vastaeque
702 1818 884 1855 exhausta
913 1818 1076 1866 pericula
1104 1824 1235 1861 terrae,

167 1878 257 1914 dum
286 1876 438 1914 Latium
468 1876 607 1914 Teucri
637 1877 875 1927 recidivaque
906 1876 1092 1925 Pergama
1120 1875 1330 1924 quaerunt?

166 1936 256 1973 Non
287 1937 403 1973 satius
433 1937 577 1973 cineres
606 1937 747 1985 patriae
777 1936 961 1974 insedisse
990 1946 1189 1985 supremos

165 2002 276 2045 atque
307 1996 441 2041 solum,
472 2008 549 2045 quo
579 1995 696 2033 Troia
725 1996 818 2034 fuit?
857 1995 1052 2032 Xanthum
1082 2002 1120 2032 et
1149 1994 1344 2031 Simoenta

165 2055 293 2100 redde,
324 2067 403 2099 oro,
433 2056 578 2093 miseris
608 2055 818 2104 iterumque
848 2055 1035 2092 revolvere
1065 2066 1175 2092 casus

166 2115 225 2160 da,
255 2121 371 2163 pater,
402 2114 539 2152 Iliacos
569 2114 751 2152 Teucris.'
811 2114 913 2152 Tum
942 2115 1043 2163 regia
1073 2114 1171 2151 Iuno

165 2181 252 2210 acta
280 2173 404 2210 furore
433 2175 558 2222 gravi:
599 2174 727 2220 ‘Quid
756 2187 818 2212 me
848 2175 922 2211 alta
951 2174 1098 2211 silentia
1127 2173 1234 2221 cogis

166 2245 341 2281 rumpere
370 2239 406 2269 et
436 2233 643 2271 obductum
673 2234 794 2270 verbis
824 2234 975 2282 vulgare
1005 2232 1202 2270 dolorem?

166 2292 325 2328 Aenean
354 2291 553 2328 hominum
582 2293 784 2341 quisquam
814 2292 1016 2340 divumque
1046 2291 1196 2340 subegit

165 2349 264 2386 bella
293 2351 400 2398 sequi
431 2358 494 2386 aut
523 2351 672 2388 hostem
702 2351 780 2399 regi
810 2363 849 2387 se
879 2350 1014 2388 inferre
1045 2349 1210 2388 Latino?

169 2409 315 2449 Italiam
345 2409 450 2458 petiit
478 2409 562 2447 fatis
592 2410 809 2448 auctoribus
839 2408 954 2461 (esto)

1496 227 1539 259 30

1495 524 1536 555 35

1497 820 1540 850 40

1498 1119 1539 1150 45

1499 1415 1541 1447 50

1501 1711 1540 1743 55

1501 2000 1542 2031 60
