<?xml version="1.0" encoding="UTF-8"?>
<!DOCTYPE html PUBLIC "-//W3C//DTD XHTML 1.0 Transitional//EN"
    "http://www.w3.org/TR/xhtml1/DTD/xhtml1-transitional.dtd">
<html xmlns="http://www.w3.org/1999/xhtml" xml:lang="en" lang="en">
 <head>
  <title>
</title>
<meta http-equiv="Content-Type" content="text/html;charset=utf-8" />
  <meta name='ocr-system' content='tesseract 3.04.00' />
  <meta name='ocr-capabilities' content='ocr_page ocr_carea ocr_par ocr_line ocrx_word'/>
</head>
<body>
  <div class='ocr_page' id='page_1' title='image "./operavirgilwithi01virguoft/operavirgilwithi01virguoft_0225.png"; bbox 0 0 1669 2737; ppageno 0'>
   <div class='ocr_carea' id='block_1_1' title="bbox 557 73 1064 128">
    <p class='ocr_par' dir='ltr' id='par_1_1' title="bbox 557 73 1064 128">
     <span class='ocr_line' id='line_1_1' title="bbox 557 73 1064 128; baseline 0.008 -15"><span class='ocrx_word' id='word_1_1' title='bbox 557 79 724 114; x_wconf 70' lang='lat' dir='ltr'><em>LIBER</em></span> <span class='ocrx_word' id='word_1_2' title='bbox 753 79 822 116; x_wconf 78' lang='lat' dir='ltr'>JV.</span> <span class='ocrx_word' id='word_1_3' title='bbox 853 88 879 125; x_wconf 89' lang='lat'><strong>4</strong></span> <span class='ocrx_word' id='word_1_4' title='bbox 882 73 1021 128; x_wconf 81' lang='lat'><em>58-53</em></span> <span class='ocrx_word' id='word_1_5' title='bbox 1026 84 1064 128; x_wconf 87' lang='lat'>5.</span> 
     </span>
    </p>
   </div>
   <div class='ocr_carea' id='block_1_2' title="bbox 119 187 1077 239">
    <p class='ocr_par' dir='ltr' id='par_1_2' title="bbox 119 187 1077 239">
     <span class='ocr_line' id='line_1_2' title="bbox 119 187 1077 239; baseline -0.002 -13"><span class='ocrx_word' id='word_1_6' title='bbox 119 200 196 239; x_wconf 91' lang='lat' dir='ltr'>quo</span> <span class='ocrx_word' id='word_1_7' title='bbox 225 188 329 238; x_wconf 93' lang='lat' dir='ltr'>perii,</span> <span class='ocrx_word' id='word_1_8' title='bbox 360 188 700 237; x_wconf 88' lang='lat' dir='ltr'>superimponant:</span> <span class='ocrx_word' id='word_1_9' title='bbox 741 187 893 225; x_wconf 89' lang='lat' dir='ltr'>abolere</span> <span class='ocrx_word' id='word_1_10' title='bbox 922 187 1077 226; x_wconf 84' lang='lat' dir='ltr'><strong>nefandi</strong></span> 
     </span>
    </p>
   </div>
   <div class='ocr_carea' id='block_1_3' title="bbox 118 247 1283 296">
    <p class='ocr_par' dir='ltr' id='par_1_3' title="bbox 118 247 1283 296">
     <span class='ocr_line' id='line_1_3' title="bbox 118 247 1283 296; baseline -0.002 -11"><span class='ocrx_word' id='word_1_11' title='bbox 118 255 256 285; x_wconf 84' lang='lat' dir='ltr'>cuncta</span> <span class='ocrx_word' id='word_1_12' title='bbox 283 248 349 284; x_wconf 91' lang='lat' dir='ltr'>viri</span> <span class='ocrx_word' id='word_1_13' title='bbox 378 248 617 285; x_wconf 88' lang='lat' dir='ltr'>monimenta</span> <span class='ocrx_word' id='word_1_14' title='bbox 645 248 757 292; x_wconf 87' lang='lat' dir='ltr'>iuvat,</span> <span class='ocrx_word' id='word_1_15' title='bbox 787 254 1051 296; x_wconf 79' lang='lat' dir='ltr'>monstratque</span> <span class='ocrx_word' id='word_1_16' title='bbox 1082 247 1283 285; x_wconf 68' lang='lat' dir='ltr'>sacerdos!</span> 
     </span>
    </p>
   </div>
   <div class='ocr_carea' id='block_1_4' title="bbox 113 307 1242 1608">
    <p class='ocr_par' dir='ltr' id='par_1_4' title="bbox 115 307 1212 595">
     <span class='ocr_line' id='line_1_4' title="bbox 118 307 1109 356; baseline -0.001 -11"><span class='ocrx_word' id='word_1_17' title='bbox 118 307 229 345; x_wconf 92' lang='lat' dir='ltr'>Haec</span> <span class='ocrx_word' id='word_1_18' title='bbox 257 307 372 344; x_wconf 88' lang='lat' dir='ltr'>effata</span> <span class='ocrx_word' id='word_1_19' title='bbox 400 307 507 353; x_wconf 87' lang='lat' dir='ltr'>silet;</span> <span class='ocrx_word' id='word_1_20' title='bbox 547 307 669 356; x_wconf 90' lang='lat' dir='ltr'>pallor</span> <span class='ocrx_word' id='word_1_21' title='bbox 697 307 809 344; x_wconf 89' lang='lat' dir='ltr'>simul</span> <span class='ocrx_word' id='word_1_22' title='bbox 839 314 1002 355; x_wconf 88' lang='lat' dir='ltr'>occupat</span> <span class='ocrx_word' id='word_1_23' title='bbox 1031 319 1109 344; x_wconf 87' lang='lat' dir='ltr'>ora.</span> 
     </span>
     <span class='ocr_line' id='line_1_5' title="bbox 117 366 1212 416; baseline 0 -12"><span class='ocrx_word' id='word_1_24' title='bbox 117 366 210 405; x_wconf 92' lang='lat' dir='ltr'>Non</span> <span class='ocrx_word' id='word_1_25' title='bbox 239 374 369 405; x_wconf 89' lang='lat' dir='ltr'>tamen</span> <span class='ocrx_word' id='word_1_26' title='bbox 397 368 515 404; x_wconf 89' lang='lat' dir='ltr'>Anna</span> <span class='ocrx_word' id='word_1_27' title='bbox 543 367 652 405; x_wconf 89' lang='lat' dir='ltr'>novis</span> <span class='ocrx_word' id='word_1_28' title='bbox 681 372 903 416; x_wconf 80' lang='lat' dir='ltr'>praetexere</span> <span class='ocrx_word' id='word_1_29' title='bbox 932 366 1067 403; x_wconf 91' lang='lat' dir='ltr'>funera</span> <span class='ocrx_word' id='word_1_30' title='bbox 1097 368 1212 404; x_wconf 89' lang='lat' dir='ltr'>sacris</span> 
     </span>
     <span class='ocr_line' id='line_1_6' title="bbox 116 426 1079 476; baseline 0 -12"><span class='ocrx_word' id='word_1_31' title='bbox 116 440 342 476; x_wconf 88' lang='lat' dir='ltr'>germanam</span> <span class='ocrx_word' id='word_1_32' title='bbox 370 428 489 466; x_wconf 89' lang='lat' dir='ltr'>credit</span> <span class='ocrx_word' id='word_1_33' title='bbox 517 440 589 465; x_wconf 90' lang='lat' dir='ltr'>nec</span> <span class='ocrx_word' id='word_1_34' title='bbox 619 434 746 465; x_wconf 88' lang='lat' dir='ltr'>tantos</span> <span class='ocrx_word' id='word_1_35' title='bbox 774 434 903 464; x_wconf 88' lang='lat' dir='ltr'>mente</span> <span class='ocrx_word' id='word_1_36' title='bbox 933 426 1079 464; x_wconf 88' lang='lat' dir='ltr'>furores</span> 
     </span>
     <span class='ocr_line' id='line_1_7' title="bbox 117 485 1212 536; baseline -0.002 -12"><span class='ocrx_word' id='word_1_37' title='bbox 117 487 284 536; x_wconf 82' lang='lat' dir='ltr'>concipit</span> <span class='ocrx_word' id='word_1_38' title='bbox 313 493 377 525; x_wconf 88' lang='lat' dir='ltr'>aut</span> <span class='ocrx_word' id='word_1_39' title='bbox 405 487 578 536; x_wconf 88' lang='lat' dir='ltr'>graviora</span> <span class='ocrx_word' id='word_1_40' title='bbox 606 487 711 525; x_wconf 90' lang='lat' dir='ltr'>timet</span> <span class='ocrx_word' id='word_1_41' title='bbox 741 499 857 536; x_wconf 88' lang='lat' dir='ltr'>quarn</span> <span class='ocrx_word' id='word_1_42' title='bbox 886 493 1009 523; x_wconf 92' lang='lat' dir='ltr'>morte</span> <span class='ocrx_word' id='word_1_43' title='bbox 1041 485 1212 535; x_wconf 82' lang='lat' dir='ltr'>Sychaei.</span> 
     </span>
     <span class='ocr_line' id='line_1_8' title="bbox 115 544 496 595; baseline 0.005 -14"><span class='ocrx_word' id='word_1_44' title='bbox 115 544 221 594; x_wconf 85' lang='lat' dir='ltr'>Ergo</span> <span class='ocrx_word' id='word_1_45' title='bbox 251 546 353 583; x_wconf 89' lang='lat' dir='ltr'>iussa</span> <span class='ocrx_word' id='word_1_46' title='bbox 380 553 496 595; x_wconf 88' lang='lat' dir='ltr'>parat.</span> 
     </span>
    </p>

    <p class='ocr_par' dir='ltr' id='par_1_5' title="bbox 115 604 1152 891">
     <span class='ocr_line' id='line_1_9' title="bbox 169 604 1152 654; baseline 0.001 -14"><span class='ocrx_word' id='word_1_47' title='bbox 169 605 221 640; x_wconf 88' lang='lat' dir='ltr'>At</span> <span class='ocrx_word' id='word_1_48' title='bbox 248 605 391 654; x_wconf 87' lang='lat' dir='ltr'>regina,</span> <span class='ocrx_word' id='word_1_49' title='bbox 419 617 513 654; x_wconf 89' lang='lat' dir='ltr'>pyra</span> <span class='ocrx_word' id='word_1_50' title='bbox 540 604 722 654; x_wconf 89' lang='lat' dir='ltr'>penetrali</span> <span class='ocrx_word' id='word_1_51' title='bbox 752 605 789 642; x_wconf 92' lang='lat' dir='ltr'>in</span> <span class='ocrx_word' id='word_1_52' title='bbox 820 604 911 643; x_wconf 91' lang='lat' dir='ltr'>sede</span> <span class='ocrx_word' id='word_1_53' title='bbox 940 605 1011 642; x_wconf 85' lang='lat' dir='ltr'>sub</span> <span class='ocrx_word' id='word_1_54' title='bbox 1041 615 1152 642; x_wconf 88' lang='lat' dir='ltr'>auras</span> 
     </span>
     <span class='ocr_line' id='line_1_10' title="bbox 115 664 966 712; baseline 0 -12"><span class='ocrx_word' id='word_1_55' title='bbox 115 670 242 701; x_wconf 89' lang='lat' dir='ltr'>erecta</span> <span class='ocrx_word' id='word_1_56' title='bbox 270 664 415 712; x_wconf 84' lang='lat' dir='ltr'>ingenti</span> <span class='ocrx_word' id='word_1_57' title='bbox 445 664 565 701; x_wconf 85' lang='lat' dir='ltr'>taedis</span> <span class='ocrx_word' id='word_1_58' title='bbox 593 671 707 712; x_wconf 88' lang='lat' dir='ltr'>atque</span> <span class='ocrx_word' id='word_1_59' title='bbox 738 664 821 702; x_wconf 89' lang='lat' dir='ltr'>ilice</span> <span class='ocrx_word' id='word_1_60' title='bbox 852 671 966 709; x_wconf 89' lang='lat' dir='ltr'>secta,</span> 
     </span>
     <span class='ocr_line' id='line_1_11' title="bbox 115 722 1068 772; baseline 0.002 -13"><span class='ocrx_word' id='word_1_61' title='bbox 115 722 354 772; x_wconf 88' lang='lat' dir='ltr'>intenditque</span> <span class='ocrx_word' id='word_1_62' title='bbox 383 722 512 760; x_wconf 89' lang='lat' dir='ltr'>locum</span> <span class='ocrx_word' id='word_1_63' title='bbox 541 724 648 760; x_wconf 91' lang='lat' dir='ltr'>sertis</span> <span class='ocrx_word' id='word_1_64' title='bbox 677 730 714 760; x_wconf 91' lang='lat' dir='ltr'>et</span> <span class='ocrx_word' id='word_1_65' title='bbox 742 723 878 760; x_wconf 89' lang='lat' dir='ltr'>fronde</span> <span class='ocrx_word' id='word_1_66' title='bbox 908 730 1068 761; x_wconf 89' lang='lat' dir='ltr'>coronat</span> 
     </span>
     <span class='ocr_line' id='line_1_12' title="bbox 115 781 1066 832; baseline 0.002 -15"><span class='ocrx_word' id='word_1_67' title='bbox 115 781 292 829; x_wconf 89' lang='lat' dir='ltr'>funerea;</span> <span class='ocrx_word' id='word_1_68' title='bbox 332 794 447 832; x_wconf 89' lang='lat' dir='ltr'>super</span> <span class='ocrx_word' id='word_1_69' title='bbox 475 783 628 820; x_wconf 86' lang='lat' dir='ltr'>exuvias</span> <span class='ocrx_word' id='word_1_70' title='bbox 659 795 870 832; x_wconf 79' lang='lat' dir='ltr'>ensemque</span> <span class='ocrx_word' id='word_1_71' title='bbox 898 783 1066 820; x_wconf 88' lang='lat' dir='ltr'>relictum</span> 
     </span>
     <span class='ocr_line' id='line_1_13' title="bbox 115 842 1060 891; baseline 0.001 -13"><span class='ocrx_word' id='word_1_72' title='bbox 115 842 356 891; x_wconf 87' lang='lat' dir='ltr'>effigiemque</span> <span class='ocrx_word' id='word_1_73' title='bbox 386 849 472 879; x_wconf 92' lang='lat' dir='ltr'>toro</span> <span class='ocrx_word' id='word_1_74' title='bbox 500 842 610 887; x_wconf 88' lang='lat' dir='ltr'>locat,</span> <span class='ocrx_word' id='word_1_75' title='bbox 641 842 744 880; x_wconf 89' lang='lat' dir='ltr'>haud</span> <span class='ocrx_word' id='word_1_76' title='bbox 773 843 906 891; x_wconf 86' lang='lat' dir='ltr'>ignara</span> <span class='ocrx_word' id='word_1_77' title='bbox 936 843 1060 879; x_wconf 86' lang='lat' dir='ltr'>futuri.</span> 
     </span>
    </p>

    <p class='ocr_par' dir='ltr' id='par_1_6' title="bbox 117 901 1107 946">
     <span class='ocr_line' id='line_1_14' title="bbox 117 901 1107 946; baseline 0.002 -8"><span class='ocrx_word' id='word_1_78' title='bbox 117 901 226 940; x_wconf 85' lang='lat' dir='ltr'>Stant</span> <span class='ocrx_word' id='word_1_79' title='bbox 255 915 342 940; x_wconf 87' lang='lat' dir='ltr'>arae</span> <span class='ocrx_word' id='word_1_80' title='bbox 372 903 526 946; x_wconf 90' lang='lat' dir='ltr'>circum,</span> <span class='ocrx_word' id='word_1_81' title='bbox 557 911 594 939; x_wconf 90' lang='lat' dir='ltr'>et</span> <span class='ocrx_word' id='word_1_82' title='bbox 623 903 745 939; x_wconf 84' lang='lat' dir='ltr'>crines</span> <span class='ocrx_word' id='word_1_83' title='bbox 776 903 898 940; x_wconf 85' lang='lat' dir='ltr'>effusa</span> <span class='ocrx_word' id='word_1_84' title='bbox 927 903 1107 940; x_wconf 87' lang='lat' dir='ltr'>sacerdos</span> 
     </span>
    </p>

    <p class='ocr_par' dir='ltr' id='par_1_7' title="bbox 113 962 1233 1310">
     <span class='ocr_line' id='line_1_15' title="bbox 114 962 1233 1012; baseline 0 -12"><span class='ocrx_word' id='word_1_85' title='bbox 114 969 169 1000; x_wconf 91' lang='lat' dir='ltr'>ter</span> <span class='ocrx_word' id='word_1_86' title='bbox 197 970 351 1000; x_wconf 90' lang='lat' dir='ltr'>centum</span> <span class='ocrx_word' id='word_1_87' title='bbox 380 969 488 1000; x_wconf 90' lang='lat' dir='ltr'>tonat</span> <span class='ocrx_word' id='word_1_88' title='bbox 516 974 583 1000; x_wconf 92' lang='lat' dir='ltr'>ore</span> <span class='ocrx_word' id='word_1_89' title='bbox 613 963 718 1007; x_wconf 92' lang='lat' dir='ltr'>deos,</span> <span class='ocrx_word' id='word_1_90' title='bbox 748 962 994 1012; x_wconf 91' lang='lat' dir='ltr'>Erebumque</span> <span class='ocrx_word' id='word_1_91' title='bbox 1026 962 1233 1012; x_wconf 79' lang='lat' dir='ltr'>Chaosque</span> 
     </span>
     <span class='ocr_line' id='line_1_16' title="bbox 114 1022 1229 1071; baseline 0 -12"><span class='ocrx_word' id='word_1_92' title='bbox 114 1023 442 1071; x_wconf 88' lang='lat' dir='ltr'>tergeminamque</span> <span class='ocrx_word' id='word_1_93' title='bbox 471 1022 659 1066; x_wconf 86' lang='lat' dir='ltr'>Hecaten,</span> <span class='ocrx_word' id='word_1_94' title='bbox 689 1022 758 1059; x_wconf 89' lang='lat' dir='ltr'>tria</span> <span class='ocrx_word' id='word_1_95' title='bbox 787 1023 940 1071; x_wconf 87' lang='lat' dir='ltr'>virginis</span> <span class='ocrx_word' id='word_1_96' title='bbox 970 1034 1037 1059; x_wconf 91' lang='lat' dir='ltr'>ora</span> <span class='ocrx_word' id='word_1_97' title='bbox 1066 1022 1229 1059; x_wconf 88' lang='lat' dir='ltr'>Dianae.</span> 
     </span>
     <span class='ocr_line' id='line_1_17' title="bbox 116 1081 1088 1131; baseline -0.001 -11"><span class='ocrx_word' id='word_1_98' title='bbox 116 1081 311 1131; x_wconf 85' lang='lat' dir='ltr'>Sparserat</span> <span class='ocrx_word' id='word_1_99' title='bbox 340 1089 377 1120; x_wconf 88' lang='lat' dir='ltr'>et</span> <span class='ocrx_word' id='word_1_100' title='bbox 405 1083 536 1120; x_wconf 89' lang='lat' dir='ltr'>latices</span> <span class='ocrx_word' id='word_1_101' title='bbox 567 1083 762 1119; x_wconf 88' lang='lat' dir='ltr'>simulatos</span> <span class='ocrx_word' id='word_1_102' title='bbox 792 1082 908 1120; x_wconf 88' lang='lat' dir='ltr'>fontis</span> <span class='ocrx_word' id='word_1_103' title='bbox 937 1084 1088 1128; x_wconf 89' lang='lat' dir='ltr'>Averni,</span> 
     </span>
     <span class='ocr_line' id='line_1_18' title="bbox 113 1141 1146 1190; baseline -0.001 -11"><span class='ocrx_word' id='word_1_104' title='bbox 113 1141 271 1179; x_wconf 86' lang='lat' dir='ltr'>falcibus</span> <span class='ocrx_word' id='word_1_105' title='bbox 299 1148 337 1179; x_wconf 90' lang='lat' dir='ltr'>et</span> <span class='ocrx_word' id='word_1_106' title='bbox 364 1154 514 1180; x_wconf 87' lang='lat' dir='ltr'>messae</span> <span class='ocrx_word' id='word_1_107' title='bbox 544 1142 593 1179; x_wconf 88' lang='lat' dir='ltr'>ad</span> <span class='ocrx_word' id='word_1_108' title='bbox 621 1142 750 1178; x_wconf 85' lang='lat' dir='ltr'>lunam</span> <span class='ocrx_word' id='word_1_109' title='bbox 781 1150 1011 1190; x_wconf 89' lang='lat' dir='ltr'>quaeruntur</span> <span class='ocrx_word' id='word_1_110' title='bbox 1040 1143 1146 1178; x_wconf 82' lang='lat' dir='ltr'>ae&#39;nis</span> 
     </span>
     <span class='ocr_line' id='line_1_19' title="bbox 113 1200 1037 1250; baseline -0.001 -12"><span class='ocrx_word' id='word_1_111' title='bbox 113 1201 301 1250; x_wconf 87' lang='lat' dir='ltr'>pubentes</span> <span class='ocrx_word' id='word_1_112' title='bbox 329 1200 471 1238; x_wconf 86' lang='lat' dir='ltr'>herbae</span> <span class='ocrx_word' id='word_1_113' title='bbox 499 1202 597 1250; x_wconf 84' lang='lat' dir='ltr'>nigri</span> <span class='ocrx_word' id='word_1_114' title='bbox 627 1214 714 1238; x_wconf 90' lang='lat' dir='ltr'>cum</span> <span class='ocrx_word' id='word_1_115' title='bbox 746 1201 842 1238; x_wconf 88' lang='lat' dir='ltr'>lacte</span> <span class='ocrx_word' id='word_1_116' title='bbox 872 1202 1037 1247; x_wconf 81' lang='lat' dir='ltr'>veneni;</span> 
     </span>
     <span class='ocr_line' id='line_1_20' title="bbox 114 1260 1135 1310; baseline 0 -13"><span class='ocrx_word' id='word_1_117' title='bbox 114 1261 305 1309; x_wconf 89' lang='lat' dir='ltr'>quaeritur</span> <span class='ocrx_word' id='word_1_118' title='bbox 333 1268 369 1298; x_wconf 91' lang='lat' dir='ltr'>et</span> <span class='ocrx_word' id='word_1_119' title='bbox 398 1262 590 1298; x_wconf 88' lang='lat' dir='ltr'>nascentis</span> <span class='ocrx_word' id='word_1_120' title='bbox 620 1260 706 1310; x_wconf 90' lang='lat' dir='ltr'>equi</span> <span class='ocrx_word' id='word_1_121' title='bbox 736 1261 784 1298; x_wconf 90' lang='lat' dir='ltr'>de</span> <span class='ocrx_word' id='word_1_122' title='bbox 813 1261 937 1298; x_wconf 81' lang='lat' dir='ltr'>fronte</span> <span class='ocrx_word' id='word_1_123' title='bbox 966 1260 1135 1297; x_wconf 90' lang='lat' dir='ltr'>revulsus</span> 
     </span>
    </p>

    <p class='ocr_par' dir='ltr' id='par_1_8' title="bbox 114 1320 684 1369">
     <span class='ocr_line' id='line_1_21' title="bbox 114 1320 684 1369; baseline -0.002 -11"><span class='ocrx_word' id='word_1_124' title='bbox 114 1326 152 1358; x_wconf 86' lang='lat' dir='ltr'>et</span> <span class='ocrx_word' id='word_1_125' title='bbox 179 1320 288 1357; x_wconf 90' lang='lat' dir='ltr'>matri</span> <span class='ocrx_word' id='word_1_126' title='bbox 317 1327 536 1369; x_wconf 89' lang='lat' dir='ltr'>praereptus</span> <span class='ocrx_word' id='word_1_127' title='bbox 566 1332 684 1357; x_wconf 89' lang='lat' dir='ltr'>amor.</span> 
     </span>
    </p>

    <p class='ocr_par' dir='ltr' id='par_1_9' title="bbox 113 1379 1050 1429">
     <span class='ocr_line' id='line_1_22' title="bbox 113 1379 1050 1429; baseline 0 -13"><span class='ocrx_word' id='word_1_128' title='bbox 113 1379 206 1428; x_wconf 87' lang='lat' dir='ltr'>Ipsa</span> <span class='ocrx_word' id='word_1_129' title='bbox 233 1379 378 1417; x_wconf 88' lang='lat' dir='ltr'>molam</span> <span class='ocrx_word' id='word_1_130' title='bbox 406 1381 660 1429; x_wconf 89' lang='lat' dir='ltr'>manibusque</span> <span class='ocrx_word' id='word_1_131' title='bbox 689 1380 760 1429; x_wconf 89' lang='lat' dir='ltr'>piis</span> <span class='ocrx_word' id='word_1_132' title='bbox 789 1380 917 1417; x_wconf 89' lang='lat' dir='ltr'>altaria</span> <span class='ocrx_word' id='word_1_133' title='bbox 946 1381 1050 1417; x_wconf 83' lang='lat' dir='ltr'>iuxta</span> 
     </span>
    </p>

    <p class='ocr_par' dir='ltr' id='par_1_10' title="bbox 113 1439 1124 1536">
     <span class='ocr_line' id='line_1_23' title="bbox 113 1439 1124 1488; baseline -0.001 -12"><span class='ocrx_word' id='word_1_134' title='bbox 113 1451 234 1476; x_wconf 90' lang='lat' dir='ltr'>unum</span> <span class='ocrx_word' id='word_1_135' title='bbox 263 1446 377 1476; x_wconf 85' lang='lat' dir='ltr'>exuta</span> <span class='ocrx_word' id='word_1_136' title='bbox 405 1439 544 1488; x_wconf 89' lang='lat' dir='ltr'>pedem</span> <span class='ocrx_word' id='word_1_137' title='bbox 573 1439 714 1484; x_wconf 86' lang='lat' dir='ltr'>vinclis,</span> <span class='ocrx_word' id='word_1_138' title='bbox 747 1440 787 1476; x_wconf 92' lang='lat' dir='ltr'>in</span> <span class='ocrx_word' id='word_1_139' title='bbox 816 1447 920 1476; x_wconf 83' lang='lat' dir='ltr'>veste</span> <span class='ocrx_word' id='word_1_140' title='bbox 949 1440 1124 1483; x_wconf 88' lang='lat' dir='ltr'>recincta,</span> 
     </span>
     <span class='ocr_line' id='line_1_24' title="bbox 113 1499 950 1536; baseline 0.001 -1"><span class='ocrx_word' id='word_1_141' title='bbox 113 1505 273 1536; x_wconf 83' lang='lat' dir='ltr'>testatur</span> <span class='ocrx_word' id='word_1_142' title='bbox 301 1499 481 1536; x_wconf 87' lang='lat' dir='ltr'>moritura</span> <span class='ocrx_word' id='word_1_143' title='bbox 511 1499 606 1536; x_wconf 89' lang='lat' dir='ltr'>deos</span> <span class='ocrx_word' id='word_1_144' title='bbox 635 1506 672 1536; x_wconf 89' lang='lat' dir='ltr'>et</span> <span class='ocrx_word' id='word_1_145' title='bbox 701 1500 856 1536; x_wconf 88' lang='lat' dir='ltr'>conscia</span> <span class='ocrx_word' id='word_1_146' title='bbox 884 1499 950 1536; x_wconf 86' lang='lat' dir='ltr'>fati</span> 
     </span>
    </p>

    <p class='ocr_par' dir='ltr' id='par_1_11' title="bbox 114 1557 1242 1608">
     <span class='ocr_line' id='line_1_25' title="bbox 114 1557 1242 1608; baseline 0.002 -14"><span class='ocrx_word' id='word_1_147' title='bbox 114 1557 263 1604; x_wconf 88' lang='lat' dir='ltr'>sidera;</span> <span class='ocrx_word' id='word_1_148' title='bbox 303 1565 394 1603; x_wconf 90' lang='lat' dir='ltr'>tum,</span> <span class='ocrx_word' id='word_1_149' title='bbox 426 1558 457 1595; x_wconf 90' lang='lat' dir='ltr'>si</span> <span class='ocrx_word' id='word_1_150' title='bbox 487 1558 592 1607; x_wconf 91' lang='lat' dir='ltr'>quod</span> <span class='ocrx_word' id='word_1_151' title='bbox 621 1570 702 1595; x_wconf 91' lang='lat' dir='ltr'>non</span> <span class='ocrx_word' id='word_1_152' title='bbox 731 1570 855 1608; x_wconf 84' lang='lat' dir='ltr'>aequo</span> <span class='ocrx_word' id='word_1_153' title='bbox 885 1558 1039 1595; x_wconf 90' lang='lat' dir='ltr'>foedere</span> <span class='ocrx_word' id='word_1_154' title='bbox 1069 1565 1242 1596; x_wconf 88' lang='lat' dir='ltr'>amantes</span> 
     </span>
    </p>
   </div>
   <div class='ocr_carea' id='block_1_5' title="bbox 114 1616 1269 1667">
    <p class='ocr_par' dir='ltr' id='par_1_12' title="bbox 114 1616 1269 1667">
     <span class='ocr_line' id='line_1_26' title="bbox 114 1616 1269 1667; baseline 0 -14"><span class='ocrx_word' id='word_1_155' title='bbox 114 1628 227 1655; x_wconf 89' lang='lat' dir='ltr'>curae</span> <span class='ocrx_word' id='word_1_156' title='bbox 255 1629 400 1654; x_wconf 91' lang='lat' dir='ltr'>numen</span> <span class='ocrx_word' id='word_1_157' title='bbox 429 1616 543 1654; x_wconf 87' lang='lat' dir='ltr'>habet</span> <span class='ocrx_word' id='word_1_158' title='bbox 571 1618 788 1667; x_wconf 90' lang='lat' dir='ltr'>iustumque</span> <span class='ocrx_word' id='word_1_159' title='bbox 818 1630 1053 1667; x_wconf 90' lang='lat' dir='ltr'>memorque,</span> <span class='ocrx_word' id='word_1_160' title='bbox 1085 1625 1269 1667; x_wconf 90' lang='lat' dir='ltr'>precatur.</span> 
     </span>
    </p>
   </div>
   <div class='ocr_carea' id='block_1_6' title="bbox 113 1676 1259 2502">
    <p class='ocr_par' dir='ltr' id='par_1_13' title="bbox 113 1676 1259 2088">
     <span class='ocr_line' id='line_1_27' title="bbox 168 1676 1245 1727; baseline -0.001 -12"><span class='ocrx_word' id='word_1_161' title='bbox 168 1676 260 1715; x_wconf 82' lang='lat' dir='ltr'>Nox</span> <span class='ocrx_word' id='word_1_162' title='bbox 289 1684 378 1723; x_wconf 89' lang='lat' dir='ltr'>erat,</span> <span class='ocrx_word' id='word_1_163' title='bbox 409 1684 446 1715; x_wconf 88' lang='lat' dir='ltr'>et</span> <span class='ocrx_word' id='word_1_164' title='bbox 474 1678 668 1727; x_wconf 89' lang='lat' dir='ltr'>placidum</span> <span class='ocrx_word' id='word_1_165' title='bbox 698 1679 906 1727; x_wconf 84' lang='lat' dir='ltr'>carpebant</span> <span class='ocrx_word' id='word_1_166' title='bbox 936 1678 1036 1715; x_wconf 91' lang='lat' dir='ltr'>fessa</span> <span class='ocrx_word' id='word_1_167' title='bbox 1065 1689 1245 1726; x_wconf 89' lang='lat' dir='ltr'>soporem</span> 
     </span>
     <span class='ocr_line' id='line_1_28' title="bbox 114 1738 1162 1788; baseline 0 -13"><span class='ocrx_word' id='word_1_168' title='bbox 114 1749 277 1787; x_wconf 87' lang='lat' dir='ltr'>corpora</span> <span class='ocrx_word' id='word_1_169' title='bbox 304 1750 376 1788; x_wconf 72' lang='lat' dir='ltr'>perv</span> <span class='ocrx_word' id='word_1_170' title='bbox 401 1746 529 1783; x_wconf 88' lang='lat' dir='ltr'>terras,</span> <span class='ocrx_word' id='word_1_171' title='bbox 561 1738 751 1788; x_wconf 89' lang='lat' dir='ltr'>silvaeque</span> <span class='ocrx_word' id='word_1_172' title='bbox 781 1744 818 1775; x_wconf 92' lang='lat' dir='ltr'>et</span> <span class='ocrx_word' id='word_1_173' title='bbox 848 1750 960 1776; x_wconf 89' lang='lat' dir='ltr'>saeva</span> <span class='ocrx_word' id='word_1_174' title='bbox 989 1739 1162 1787; x_wconf 88' lang='lat' dir='ltr'>quierant</span> 
     </span>
     <span class='ocr_line' id='line_1_29' title="bbox 113 1798 1100 1847; baseline 0.001 -13"><span class='ocrx_word' id='word_1_175' title='bbox 113 1809 293 1847; x_wconf 88' lang='lat' dir='ltr'>aequora,</span> <span class='ocrx_word' id='word_1_176' title='bbox 323 1810 412 1835; x_wconf 89' lang='lat' dir='ltr'>cum</span> <span class='ocrx_word' id='word_1_177' title='bbox 440 1798 568 1835; x_wconf 87' lang='lat' dir='ltr'>medio</span> <span class='ocrx_word' id='word_1_178' title='bbox 597 1798 799 1835; x_wconf 66' lang='lat' dir='ltr'>volvuntur</span> <span class='ocrx_word' id='word_1_179' title='bbox 828 1798 952 1835; x_wconf 90' lang='lat' dir='ltr'>sidera</span> <span class='ocrx_word' id='word_1_180' title='bbox 979 1798 1100 1846; x_wconf 90' lang='lat' dir='ltr'>lapsu,</span> 
     </span>
     <span class='ocr_line' id='line_1_30' title="bbox 114 1857 1259 1907; baseline -0.001 -12"><span class='ocrx_word' id='word_1_181' title='bbox 114 1868 203 1895; x_wconf 92' lang='lat' dir='ltr'>cum</span> <span class='ocrx_word' id='word_1_182' title='bbox 231 1863 331 1894; x_wconf 90' lang='lat' dir='ltr'>tacet</span> <span class='ocrx_word' id='word_1_183' title='bbox 358 1858 484 1895; x_wconf 89' lang='lat' dir='ltr'>omnis</span> <span class='ocrx_word' id='word_1_184' title='bbox 513 1869 616 1907; x_wconf 86' lang='lat' dir='ltr'>ager,</span> <span class='ocrx_word' id='word_1_185' title='bbox 647 1857 816 1906; x_wconf 90' lang='lat' dir='ltr'>pecudes</span> <span class='ocrx_word' id='word_1_186' title='bbox 845 1858 1046 1906; x_wconf 87' lang='lat' dir='ltr'>pictaeque</span> <span class='ocrx_word' id='word_1_187' title='bbox 1075 1857 1259 1901; x_wconf 76' lang='lat' dir='ltr'>volucres,</span> 
     </span>
     <span class='ocr_line' id='line_1_31' title="bbox 115 1916 1244 1967; baseline -0.002 -13"><span class='ocrx_word' id='word_1_188' title='bbox 115 1928 289 1966; x_wconf 85' lang='lat' dir='ltr'>quaeque</span> <span class='ocrx_word' id='word_1_189' title='bbox 317 1916 423 1955; x_wconf 85' lang='lat' dir='ltr'>lacus</span> <span class='ocrx_word' id='word_1_190' title='bbox 451 1917 525 1954; x_wconf 91' lang='lat' dir='ltr'>late</span> <span class='ocrx_word' id='word_1_191' title='bbox 554 1917 720 1967; x_wconf 88' lang='lat' dir='ltr'>liquidos</span> <span class='ocrx_word' id='word_1_192' title='bbox 751 1929 925 1966; x_wconf 91' lang='lat' dir='ltr'>quaeque</span> <span class='ocrx_word' id='word_1_193' title='bbox 954 1929 1090 1966; x_wconf 91' lang='lat' dir='ltr'>aspera</span> <span class='ocrx_word' id='word_1_194' title='bbox 1119 1917 1244 1953; x_wconf 89' lang='lat' dir='ltr'>dumis</span> 
     </span>
     <span class='ocr_line' id='line_1_32' title="bbox 113 1972 1113 2026; baseline -0.001 -13"><span class='ocrx_word' id='word_1_195' title='bbox 113 1988 201 2013; x_wconf 89' lang='lat' dir='ltr'>rura</span> <span class='ocrx_word' id='word_1_196' title='bbox 229 1983 369 2022; x_wconf 87' lang='lat' dir='ltr'>tenent,</span> <span class='ocrx_word' id='word_1_197' title='bbox 400 1988 538 2014; x_wconf 91' lang='lat' dir='ltr'>somno</span> <span class='ocrx_word' id='word_1_198' title='bbox 568 1977 715 2026; x_wconf 91' lang='lat' dir='ltr'>positae</span> <span class='ocrx_word' id='word_1_199' title='bbox 746 1977 816 2014; x_wconf 90' lang='lat' dir='ltr'>sub</span> <span class='ocrx_word' id='word_1_200' title='bbox 845 1984 960 2014; x_wconf 88' lang='lat' dir='ltr'>nocte</span> <span class='ocrx_word' id='word_1_201' title='bbox 990 1972 1113 2013; x_wconf 87' lang='lat' dir='ltr'>silenti</span> 
     </span>
     <span class='ocr_line' id='line_1_33' title="bbox 116 2033 1041 2088; baseline 0 -15"><span class='ocrx_word' id='word_1_202' title='bbox 116 2033 301 2088; x_wconf 90' lang='lat' dir='ltr'>[lenibant</span> <span class='ocrx_word' id='word_1_203' title='bbox 329 2049 448 2083; x_wconf 91' lang='lat' dir='ltr'>curas,</span> <span class='ocrx_word' id='word_1_204' title='bbox 479 2044 516 2074; x_wconf 91' lang='lat' dir='ltr'>et</span> <span class='ocrx_word' id='word_1_205' title='bbox 545 2037 663 2074; x_wconf 89' lang='lat' dir='ltr'>corda</span> <span class='ocrx_word' id='word_1_206' title='bbox 692 2037 809 2074; x_wconf 92' lang='lat' dir='ltr'>oblita</span> <span class='ocrx_word' id='word_1_207' title='bbox 837 2033 1041 2088; x_wconf 66' lang='lat' dir='ltr'>laborum}</span> 
     </span>
    </p>

    <p class='ocr_par' dir='ltr' id='par_1_14' title="bbox 114 2095 1193 2502">
     <span class='ocr_line' id='line_1_34' title="bbox 114 2095 1193 2145; baseline 0 -12"><span class='ocrx_word' id='word_1_208' title='bbox 114 2096 165 2133; x_wconf 89' lang='lat' dir='ltr'>At</span> <span class='ocrx_word' id='word_1_209' title='bbox 193 2108 274 2133; x_wconf 90' lang='lat' dir='ltr'>non</span> <span class='ocrx_word' id='word_1_210' title='bbox 301 2095 431 2133; x_wconf 83' lang='lat' dir='ltr'>infelix</span> <span class='ocrx_word' id='word_1_211' title='bbox 459 2096 575 2133; x_wconf 87' lang='lat' dir='ltr'>animi</span> <span class='ocrx_word' id='word_1_212' title='bbox 604 2095 824 2141; x_wconf 90' lang='lat' dir='ltr'>Phoenissa,</span> <span class='ocrx_word' id='word_1_213' title='bbox 855 2108 980 2145; x_wconf 89' lang='lat' dir='ltr'>neque</span> <span class='ocrx_word' id='word_1_214' title='bbox 1010 2107 1193 2144; x_wconf 89' lang='lat' dir='ltr'>umquam</span> 
     </span>
     <span class='ocr_line' id='line_1_35' title="bbox 115 2154 1181 2204; baseline 0 -12"><span class='ocrx_word' id='word_1_215' title='bbox 115 2154 269 2192; x_wconf 88' lang='lat' dir='ltr'>solvitur</span> <span class='ocrx_word' id='word_1_216' title='bbox 296 2155 336 2192; x_wconf 91' lang='lat' dir='ltr'>in</span> <span class='ocrx_word' id='word_1_217' title='bbox 365 2166 526 2193; x_wconf 89' lang='lat' dir='ltr'>somnos</span> <span class='ocrx_word' id='word_1_218' title='bbox 555 2155 720 2193; x_wconf 89' lang='lat' dir='ltr'>oculisve</span> <span class='ocrx_word' id='word_1_219' title='bbox 749 2161 813 2192; x_wconf 90' lang='lat' dir='ltr'>aut</span> <span class='ocrx_word' id='word_1_220' title='bbox 841 2162 998 2204; x_wconf 89' lang='lat' dir='ltr'>pectore</span> <span class='ocrx_word' id='word_1_221' title='bbox 1027 2161 1181 2192; x_wconf 88' lang='lat' dir='ltr'>noctem</span> 
     </span>
     <span class='ocr_line' id='line_1_36' title="bbox 114 2214 1169 2264; baseline 0 -13"><span class='ocrx_word' id='word_1_222' title='bbox 114 2214 273 2263; x_wconf 87' lang='lat' dir='ltr'>accipit:</span> <span class='ocrx_word' id='word_1_223' title='bbox 314 2215 552 2263; x_wconf 90' lang='lat' dir='ltr'>ingeminant</span> <span class='ocrx_word' id='word_1_224' title='bbox 580 2227 704 2261; x_wconf 90' lang='lat' dir='ltr'>curae,</span> <span class='ocrx_word' id='word_1_225' title='bbox 734 2227 939 2264; x_wconf 90' lang='lat' dir='ltr'>rursusque</span> <span class='ocrx_word' id='word_1_226' title='bbox 967 2226 1169 2263; x_wconf 82' lang='lat' dir='ltr'>resurgens</span> 
     </span>
     <span class='ocr_line' id='line_1_37' title="bbox 115 2274 1133 2324; baseline 0 -14"><span class='ocrx_word' id='word_1_227' title='bbox 115 2274 233 2310; x_wconf 88' lang='lat' dir='ltr'>saevit</span> <span class='ocrx_word' id='word_1_228' title='bbox 261 2285 380 2319; x_wconf 90' lang='lat' dir='ltr'>amor,</span> <span class='ocrx_word' id='word_1_229' title='bbox 411 2286 631 2324; x_wconf 87' lang='lat' dir='ltr'>magnoque</span> <span class='ocrx_word' id='word_1_230' title='bbox 663 2276 802 2312; x_wconf 87' lang='lat' dir='ltr'>irarum</span> <span class='ocrx_word' id='word_1_231' title='bbox 831 2274 986 2312; x_wconf 89' lang='lat' dir='ltr'>fluctuat</span> <span class='ocrx_word' id='word_1_232' title='bbox 1014 2282 1133 2311; x_wconf 89' lang='lat' dir='ltr'>aestu.</span> 
     </span>
     <span class='ocr_line' id='line_1_38' title="bbox 117 2332 1124 2384; baseline 0 -14"><span class='ocrx_word' id='word_1_233' title='bbox 117 2332 179 2370; x_wconf 91' lang='lat' dir='ltr'>Sic</span> <span class='ocrx_word' id='word_1_234' title='bbox 207 2333 305 2370; x_wconf 91' lang='lat' dir='ltr'>adeo</span> <span class='ocrx_word' id='word_1_235' title='bbox 334 2334 471 2371; x_wconf 89' lang='lat' dir='ltr'>insistit</span> <span class='ocrx_word' id='word_1_236' title='bbox 499 2346 707 2384; x_wconf 87' lang='lat' dir='ltr'>secumque</span> <span class='ocrx_word' id='word_1_237' title='bbox 735 2335 786 2371; x_wconf 89' lang='lat' dir='ltr'>ita</span> <span class='ocrx_word' id='word_1_238' title='bbox 814 2333 930 2371; x_wconf 91' lang='lat' dir='ltr'>corde</span> <span class='ocrx_word' id='word_1_239' title='bbox 959 2333 1124 2370; x_wconf 88' lang='lat' dir='ltr'>volutat:</span> 
     </span>
     <span class='ocr_line' id='line_1_39' title="bbox 117 2391 1145 2442; baseline 0.003 -15"><span class='ocrx_word' id='word_1_240' title='bbox 117 2391 201 2428; x_wconf 90' lang='lat' dir='ltr'>‘En</span> <span class='ocrx_word' id='word_1_241' title='bbox 229 2392 321 2441; x_wconf 89' lang='lat' dir='ltr'>quid</span> <span class='ocrx_word' id='word_1_242' title='bbox 349 2393 451 2441; x_wconf 86' lang='lat' dir='ltr'>ago?</span> <span class='ocrx_word' id='word_1_243' title='bbox 488 2405 668 2431; x_wconf 84' lang='lat' dir='ltr'>rursusne</span> <span class='ocrx_word' id='word_1_244' title='bbox 696 2404 837 2442; x_wconf 91' lang='lat' dir='ltr'>procos</span> <span class='ocrx_word' id='word_1_245' title='bbox 866 2392 971 2430; x_wconf 88' lang='lat' dir='ltr'>irrisa</span> <span class='ocrx_word' id='word_1_246' title='bbox 998 2393 1145 2441; x_wconf 89' lang='lat' dir='ltr'>priores</span> 
     </span>
     <span class='ocr_line' id='line_1_40' title="bbox 116 2451 1176 2502; baseline 0.001 -14"><span class='ocrx_word' id='word_1_247' title='bbox 116 2451 297 2500; x_wconf 84' lang='lat' dir='ltr'>experiar,</span> <span class='ocrx_word' id='word_1_248' title='bbox 327 2451 626 2502; x_wconf 88' lang='lat' dir='ltr'>Nomadumque</span> <span class='ocrx_word' id='word_1_249' title='bbox 654 2459 782 2501; x_wconf 88' lang='lat' dir='ltr'>petam</span> <span class='ocrx_word' id='word_1_250' title='bbox 812 2451 976 2489; x_wconf 88' lang='lat' dir='ltr'>conubia</span> <span class='ocrx_word' id='word_1_251' title='bbox 1005 2451 1176 2502; x_wconf 82' lang='lat' dir='ltr'>supplex,</span> 
     </span>
    </p>
   </div>
   <div class='ocr_carea' id='block_1_7' title="bbox 1438 1574 1501 1604">
    <p class='ocr_par' dir='ltr' id='par_1_15' title="bbox 1438 1574 1501 1604">
     <span class='ocr_line' id='line_1_41' title="bbox 1438 1574 1501 1604; baseline 0 -9"><span class='ocrx_word' id='word_1_252' title='bbox 1438 1574 1501 1604; x_wconf 75' lang='lat'>520</span> 
     </span>
    </p>
   </div>
   <div class='ocr_carea' id='block_1_8' title="bbox 1437 2170 1500 2201">
    <p class='ocr_par' dir='ltr' id='par_1_16' title="bbox 1437 2170 1500 2201">
     <span class='ocr_line' id='line_1_42' title="bbox 1437 2170 1500 2201; baseline -0.032 0"><span class='ocrx_word' id='word_1_253' title='bbox 1437 2170 1500 2201; x_wconf 81' lang='lat'>530</span> 
     </span>
    </p>
   </div>
  </div>
 </body>
</html>
