1669 2737
551 65 718 100 LIBER
753 66 794 101 V.
828 60 1036 114 731-808·

103 174 214 221 Quos
243 175 369 211 bonus
398 173 552 211 Aeneas
582 173 692 210 dictis
722 173 864 211 solatur
892 174 1024 212 amicis

101 240 139 270 et
165 232 454 281 consanguineo
483 232 685 270 lacrimans
715 234 964 271 commendat
993 236 1168 272 Acestae.

101 292 200 329 Tres
227 291 342 341 Eryci
369 291 507 328 vitulos
537 297 574 328 et
603 292 919 340 Tempestatibus
949 305 1091 342 agnam

101 351 258 388 caedere
286 350 424 388 deinde
454 351 558 388 iubet
588 350 762 399 solvique
791 364 838 389 ex
867 351 1001 389 ordine
1031 351 1174 389 funem.

102 409 191 459 Ipse
220 415 334 459 caput
362 416 496 447 tonsae
526 409 623 446 foliis
652 411 822 448 evinctus
852 411 985 456 olivae,

101 476 205 507 stans
233 469 366 518 procul
394 469 433 506 in
461 481 573 518 prora
601 476 772 517 pateram
801 476 915 514 tenet,
946 477 1110 518 extaque
1140 470 1260 507 salsos

100 529 249 577 proiicit
275 528 315 565 in
344 528 481 565 fluctus
510 539 554 565 ac
582 528 670 565 vina
698 528 880 577 liquentia
909 528 1043 566 fundit.

100 588 341 637 prosequitur
370 599 529 636 surgens
558 599 581 624 a
609 588 730 637 puppi
758 594 893 625 ventus
923 594 1080 625 euntes:

100 647 271 684 certatim
300 647 393 684 socii
423 647 559 683 feriunt
587 658 692 683 mare
723 653 760 684 et
789 659 959 697 aequora
988 655 1151 686 verrunt.

155 707 206 743 At
234 705 367 743 Venus
395 696 539 742 interea
568 705 794 754 Neptunum
823 706 988 743 exercita
1016 707 1113 743 curis

100 765 300 814 alloquitur
327 765 498 814 talesque
526 764 686 802 effundit
714 772 869 813 pectore
899 772 1078 814 questus:

101 824 284 862 ‘Iunonis
312 825 437 873 gravis
466 825 521 861 ira
549 836 676 873 neque
705 825 955 862 exsaturabile
985 832 1118 874 pectus

100 891 244 933 cogunt
272 896 346 930 me,
376 883 568 933 Neptune,
599 896 733 933 preces
764 885 998 922 descendere
1027 885 1066 921 in
1096 896 1242 929 omnes,

42 979 48 985 ,
100 955 216 992 quarn
245 954 316 980 nec
344 943 460 991 longa
488 943 568 980 dies
598 943 719 991 pietas
750 955 822 981 nec
849 944 997 992 mitigat
1026 943 1111 989 ulla,

99 1014 171 1039 nec
200 1001 301 1039 Iovis
330 1002 490 1051 imperio
520 1002 682 1051 fatisque
711 1002 870 1041 infracta
898 1003 1066 1052 quiescit.

99 1060 192 1098 Non
220 1061 348 1099 media
376 1062 423 1099 de
452 1068 566 1110 gente
594 1061 788 1111 Phrygum
818 1063 993 1100 exedisse
1023 1061 1197 1100 nefandis

98 1122 233 1158 urbem
261 1121 358 1159 odiis
388 1121 476 1158 satis
506 1128 562 1158 est
590 1134 662 1159 nec
691 1134 858 1171 poenam
887 1130 991 1159 traxe
1020 1134 1088 1171 per
1117 1134 1297 1159 omnem:

97 1180 273 1230 reliquias
303 1180 455 1224 Troiae,
486 1180 631 1217 cineres
661 1188 775 1230 atque
804 1193 893 1218 ossa
921 1188 1143 1230 peremptae

98 1241 316 1290 insequitur.
375 1239 523 1278 Causas
553 1241 644 1277 tanti
674 1240 768 1278 sciat
796 1241 857 1278 illa
885 1241 1030 1278 furoris.

98 1301 188 1350 Ipse
216 1301 308 1338 mihi
336 1313 459 1350 nuper
487 1299 639 1349 Libycis
669 1306 709 1337 tu
738 1302 843 1338 testis
873 1302 911 1337 in
940 1302 1052 1347 undis

98 1374 216 1411 quarn
244 1361 387 1398 molem
416 1360 541 1398 subito
570 1360 746 1397 excierit:
788 1362 907 1398 maria
935 1362 1065 1399 omnia
1095 1362 1201 1399 caelo

98 1422 258 1466 miscuit,
289 1420 432 1458 Aeoliis
461 1420 694 1469 nequiquam
724 1419 817 1457 freta
846 1421 1031 1469 procellis,

97 1481 138 1517 in
166 1480 293 1529 regnis
322 1479 397 1517 hoc
426 1491 519 1517 ausa
546 1479 630 1516 tuis.

98 1539 171 1577 Per
199 1539 321 1577 scelus
349 1551 440 1577 ecce
468 1539 582 1575 etiam
612 1538 791 1575 Troianis
820 1539 1002 1576 matribus
1032 1540 1124 1577 actis

97 1600 241 1637 exussit
268 1599 381 1637 foede
410 1611 570 1649 puppes,
602 1605 639 1635 et
669 1599 789 1636 classe
819 1599 970 1648 subegit

98 1659 239 1696 amissa
266 1659 392 1696 socios
420 1659 575 1707 ignotae
604 1658 773 1707 linquere
802 1663 933 1695 terrae.

99 1718 218 1765 Quod
247 1724 418 1767 superest
447 1729 515 1755 oro
545 1717 656 1754 liceat
685 1717 775 1754 dare
804 1724 884 1754 tuta
913 1730 980 1767 per
1008 1718 1131 1756 undas

97 1778 181 1816 vela
208 1778 286 1823 tibi,
315 1778 425 1815 liceat
454 1776 685 1814 Laurentem
714 1776 897 1826 attingere
927 1777 1128 1826 Thybrim,

97 1838 128 1875 si
158 1849 345 1875 concessa
373 1843 475 1886 peto,
505 1836 535 1874 si
565 1836 658 1874 dant
686 1848 732 1873 ea
761 1837 917 1873 moenia
946 1836 1110 1874 Parcae.'

98 1895 203 1934 Tum
233 1895 429 1933 Saturnius
456 1895 552 1933 haec
582 1895 750 1933 domitor
777 1895 892 1932 maris
922 1896 1038 1933 edidit
1068 1896 1152 1934 alti:

98 1955 195 1993 ‘Fas
224 1967 341 1993 omne
371 1961 438 2000 est,
468 1954 667 2004 Cytherea,
697 1955 792 1992 meis
823 1962 858 1992 te
888 1955 1004 1992 fidere
1034 1957 1171 2004 regnis,

98 2015 199 2052 unde
228 2026 351 2063 genus
380 2014 498 2052 ducis.
555 2014 680 2051 Merui
709 2025 887 2063 quoque:
930 2026 1044 2062 saepe
1075 2014 1220 2051 furores

98 2073 310 2122 compressi
338 2079 375 2111 et
402 2073 545 2110 rabiem
574 2079 720 2110 tantam
749 2073 917 2123 caelique
946 2074 1148 2123 marisque.

97 2133 182 2170 Nec
210 2133 335 2169 minor
363 2133 402 2169 in
430 2133 536 2170 terris
566 2132 781 2184 (Xanthum
812 2132 1083 2182 Simoentaque
1113 2133 1246 2184 testor)

96 2192 253 2229 Aeneae
280 2191 374 2228 mihi
402 2203 493 2229 cura
521 2192 585 2229 tui.
642 2191 743 2229 Cum
773 2191 896 2229 Troi'a
924 2192 1093 2230 Achilles

97 2254 313 2289 exanimata
341 2263 506 2300 sequens
533 2251 763 2301 impingeret
791 2251 945 2299 agmina
974 2252 1102 2298 muris,

96 2311 215 2348 millia
243 2310 361 2347 multa
389 2310 495 2347 daret
522 2310 611 2356 leto,
642 2317 916 2359 gemerentque
945 2311 1078 2360 repleti

98 2382 244 2415 amnes,
273 2381 345 2407 nec
373 2370 537 2418 reperire
565 2370 666 2406 viam
695 2376 808 2418 atque
838 2369 1011 2408 evolvere
1039 2377 1170 2419 posset

97 2430 136 2466 in
165 2441 268 2467 mare
298 2441 339 2467 se
367 2428 556 2474 Xanthus,
587 2428 740 2466 Pelidae
770 2436 860 2466 tunc
889 2441 963 2479 ego
993 2429 1080 2468 forti

1427 1072 1484 1111 785

1423 1966 1487 1994 800

1423 2261 1482 2300 805
