1669 2737
133 79 212 120 188
705 86 931 121 AENEIS.

130 193 235 230 Tum
263 193 423 231 Phoebo
453 200 489 232 et
517 192 668 230 Triviae
697 193 821 231 solido
850 193 898 231 de
926 205 1117 230 marmore
1146 193 1332 242 templum

130 253 322 290 instituam
352 252 545 301 festosque
576 253 656 290 dies
685 252 733 290 de
762 253 919 290 nomine
949 252 1105 289 Phoebi.
1475 264 1514 294 70

130 311 190 349 Te
219 324 373 361 quoque
402 324 544 360 magna
572 318 729 349 manent
756 312 884 360 regnis
913 311 1120 361 penetralia
1149 310 1310 348 nostris:

130 370 192 407 hic
221 382 294 419 ego
324 382 490 419 namque
520 378 604 407 tuas
633 376 753 407 sortes
783 382 998 419 arcanaque
1028 370 1117 415 fata,

130 429 229 466 dicta
256 441 365 466 meae
395 429 510 477 genti,
542 441 687 478 ponam
715 429 911 478 lectosque
940 430 1109 474 sacrabo,

130 489 239 533 alma,
269 489 379 524 viros.
439 487 554 525 Foliis
583 495 732 525 tantum
761 500 809 525 ne
839 488 1009 526 carmina
1037 487 1189 532 manda,

129 559 178 584 ne
207 548 355 584 turbata
383 546 510 583 volent
539 546 680 595 rapidis
708 546 866 584 ludibria
893 547 1037 584 ventis:
1475 558 1513 590 75

129 607 213 655 ipsa
240 617 356 643 canas
385 604 478 642 oro.'
534 605 670 642 Finem
699 606 802 643 dedit
831 618 897 643 ore
925 605 1120 654 loquendi.

182 669 244 713 At,
276 666 422 704 Phoebi
451 667 626 704 nondum
654 668 813 716 patiens,
843 668 1020 705 immanis
1048 669 1088 704 in
1117 674 1224 705 antro

128 726 334 764 bacchatur
361 733 478 771 vates,
507 738 693 776 magnum
723 728 753 764 si
782 734 936 776 pectore
964 727 1085 776 possit

129 786 341 823 excussisse
370 785 509 823 deum:
549 792 657 823 tanto
686 788 810 835 magis
839 786 899 823 ille
929 786 1061 834 fatigat

129 858 173 883 os
201 845 386 891 rabidum,
416 844 496 881 fera
524 845 642 883 corda
670 845 842 891 domans,
871 846 1057 894 fingitque
1085 843 1305 894 premendo.
1337 835 1432 921 a}
1473 849 1514 879 80

129 904 238 943 Ostia
266 904 417 953 iamque
446 903 586 942 domus
615 910 771 953 patuere
799 905 969 954 ingentia
997 911 1151 941 centum
1351 900 1368 925 -’

128 970 264 1013 sponte
294 975 363 1000 sua
390 964 561 1013 vatisque
589 963 716 1001 ferunt
745 976 931 1013 responsa
959 975 1026 1012 per
1055 974 1186 1000 auras:

129 1022 188 1061 ‘O
216 1023 373 1060 tandem
402 1023 556 1072 magnis
584 1023 711 1072 pelagi
740 1023 919 1060 defuncte
948 1022 1097 1071 periclis
1182 1047 1219 1060 .-

128 1083 213 1133 (sed
242 1089 361 1119 terrae
390 1082 564 1131 graviora
592 1082 778 1132 manent),
807 1083 848 1119 in
875 1094 994 1131 regna
1023 1080 1158 1117 Lavini

126 1141 370 1180 Dardanidae
399 1141 550 1178 venient
581 1140 703 1191 (mitte
731 1141 831 1179 hanc
860 1141 908 1178 de
937 1146 1093 1190 pectore
1122 1137 1282 1188 curam),
1470 1145 1510 1185 85

127 1202 194 1239 sed
223 1213 303 1238 non
332 1208 369 1238 et
397 1202 545 1238 venisse
575 1201 714 1238 volent.
771 1200 889 1246 Bella,
918 1199 1071 1237 horrida
1099 1199 1199 1236 bella

127 1269 163 1299 et
191 1261 380 1310 Thybrim
409 1261 530 1297 multo
562 1267 806 1309 spumantem
835 1260 1021 1309 sanguine
1050 1270 1178 1296 cerno.

126 1320 219 1358 Non
250 1320 389 1358 Simois
419 1320 486 1356 tibi
515 1331 588 1357 nec
615 1320 794 1357 Xanthus
824 1332 896 1357 nec
925 1319 1067 1356 Dorica
1097 1324 1220 1356 castra

126 1380 332 1426 defuerint;
372 1379 467 1416 alius
497 1378 608 1416 Latio
638 1379 714 1416 iam
744 1386 874 1428 partus
903 1378 1081 1423 Achilles,

125 1447 237 1477 natus
266 1446 304 1476 et
332 1439 413 1488 ipse
445 1438 539 1485 dea;
581 1451 653 1476 nec
683 1438 845 1476 Teucris
875 1438 1004 1475 addita
1033 1436 1131 1474 Iuno
1472 1449 1514 1481 90

125 1511 286 1548 usquam
316 1499 459 1535 aberit:
499 1510 588 1535 cum
616 1504 657 1535 tu
687 1498 848 1547 supplex
877 1498 917 1535 in
945 1497 1058 1534 rebus
1087 1495 1219 1545 egenis

126 1570 221 1608 quas
250 1563 384 1607 gentes
413 1557 553 1594 Italum
583 1564 647 1594 aut
676 1569 772 1606 quas
801 1569 881 1594 non
911 1556 1075 1594 oraveris
1102 1556 1236 1593 urbesl

126 1617 252 1655 Causa
281 1616 370 1653 mali
399 1617 493 1653 tanti
522 1617 690 1654 coniunx
718 1617 854 1653 iterum
882 1615 1033 1665 hospita
1061 1614 1224 1653 Teucris

126 1677 348 1725 externique
377 1675 513 1712 iterum
541 1675 706 1713 thalami.

126 1736 189 1773 Tu
219 1748 267 1773 ne
297 1734 390 1772 cede
419 1734 540 1780 malis,
571 1734 639 1771 sed
668 1741 801 1771 contra
830 1733 1029 1772 audentior
1057 1734 1110 1770 ito
1473 1746 1511 1777 95

125 1807 201 1844 qua
230 1801 295 1832 tua
323 1800 360 1831 te
390 1793 561 1831 Fortuna
590 1794 698 1830 sinet.
754 1792 829 1830 Via
857 1794 980 1842 prima
1008 1792 1147 1837 salutis,

126 1855 231 1904 quod
259 1854 417 1891 minime
446 1854 549 1899 reris,
581 1852 697 1890 Graia
725 1853 912 1902 pandetur
941 1853 990 1889 ab
1018 1851 1136 1890 urbe?
1168 1861 1264 1901 Τῇ,

180 1914 340 1951 Talibus
369 1926 416 1951 ex
447 1914 563 1962 adyto
593 1913 702 1950 dictis
730 1912 902 1950 Cumaea
932 1911 1074 1960 Sibylla
1130 1902 1198 1928 “¹''

126 1974 336 2012 horrendas
366 1973 468 2011 canit
496 1974 680 2022 ambages
710 1979 895 2020 antroque
924 1971 1098 2019 remugit,

126 2033 296 2070 obscuris
326 2044 414 2070 vera
441 2032 661 2070 involvens:
703 2043 748 2069 ea
777 2030 886 2068 frena
915 2030 1052 2067 furenti
1454 2043 1516 2065 100

126 2093 295 2130 concutit
323 2099 360 2129 et
389 2091 562 2129 stimulos
593 2092 663 2129 sub
692 2096 848 2140 pectore
876 2089 984 2127 vertit
1012 2088 1167 2137 Apollo.

124 2151 179 2189 Ut
207 2152 373 2200 primum
403 2151 517 2188 cessit
547 2151 649 2188 furor
678 2158 714 2188 et
745 2149 877 2187 rabida
906 2160 973 2186 ora
1002 2148 1186 2197 quierunt,

124 2211 257 2259 incipit
285 2210 437 2248 Aeneas
467 2210 603 2248 heros:
646 2209 762 2246 ‘Non
791 2209 866 2246 ulla
894 2208 1080 2252 laborum,

126 2282 150 2308 o
179 2271 297 2319 virgo,
328 2281 429 2307 nova
456 2270 509 2306 mi
538 2269 654 2307 facies
684 2269 888 2318 inopinave
919 2266 1060 2315 surgit;

125 2331 257 2367 omnia
285 2329 462 2379 praecepi
492 2336 605 2377 atque
635 2329 765 2365 animo
794 2338 947 2364 mecum
976 2332 1062 2363 ante
1092 2325 1235 2375 peregi.
1454 2339 1513 2370 105

125 2389 259 2426 Unum
289 2400 379 2426 oro:
419 2389 574 2438 quando
603 2388 664 2426 hic
694 2386 831 2424 inferni
860 2386 975 2423 ianua
1004 2385 1104 2433 regis

127 2449 260 2487 dicitur
289 2455 326 2487 et
355 2449 558 2486 tenebrosa
587 2448 696 2497 palus
725 2446 947 2485 Acheronte
976 2444 1117 2492 refuso,
