1669 2737
134 95 186 126 22
694 90 975 127 BUCOLJCA.

620 362 935 405 ECLOGA
975 362 1032 403 X.

741 498 916 533 GALLUS.

134 610 359 649 EXTREMUM
388 611 499 657 hunc,
530 611 729 657 Arethusa,
760 613 852 650 mihi
883 611 1053 650 concede
1081 611 1268 649 laborum.

134 669 263 707 Pauca
291 683 379 708 meo
409 671 535 717 Gallo,
565 672 633 709 sed
662 685 759 721 quae
789 673 891 721 legat
920 673 1001 721 ipsa
1031 672 1198 720 Lycoris,
1245 716 1258 721 Ἀ

134 729 302 766 carmina
331 737 417 766 sunt
447 731 629 768 dicenda:
670 738 783 780 neget
813 732 897 780 quis
927 731 1096 767 carmina
1126 730 1265 768 Gallo?

135 787 196 825 Sic
225 788 303 832 tibi,
334 801 423 826 cum
452 789 586 827 fluctus
617 790 872 827 subterlabere
902 789 1072 833 Sicanos,

132 847 248 885 Doris
278 861 407 885 amara
436 862 545 886 suam
574 861 653 886 non
682 850 935 887 intermisceat
963 849 1132 886 undam:

134 907 280 955 incipe;
320 908 500 945 sollicitos
530 908 629 946 Galli
659 909 831 946 dicamus
863 921 1025 952 amores,

134 967 225 1004 dum
254 972 385 1004 tenera
414 968 615 1005 attondent
645 968 764 1006 simae
792 968 951 1017 virgulta
979 961 1158 1016 capellae.

133 1024 226 1062 Non
255 1027 428 1063 canimus
458 1027 599 1072 surdis;
639 1027 876 1076 respondent
906 1027 1038 1064 omnia
1067 1026 1192 1063 silvae.

188 1084 300 1130 Quae
330 1098 489 1122 nemora
518 1093 582 1123 aut
612 1087 676 1135 qui
706 1098 774 1123 vos
805 1086 921 1123 saltus
950 1085 1128 1129 habuere,
1159 1085 1305 1134 puellae

134 1143 293 1189 Naides,
323 1144 481 1193 indigno
512 1157 599 1182 cum
629 1145 760 1182 Gallus
790 1157 920 1182 amore
950 1145 1121 1193 peribat?

135 1203 238 1240 Nam
266 1215 391 1252 neque
422 1200 577 1241 Parnasi
606 1205 713 1241 vobis
742 1204 842 1252 iuga,
872 1216 963 1240 narn
992 1215 1118 1252 neque
1148 1203 1257 1240 Pindi

134 1262 210 1300 ulla
237 1275 384 1300 moram
416 1263 550 1307 fecere,
579 1275 704 1312 neque
734 1263 884 1300 Aoniae
914 1263 1131 1312 Aganippe.

135 1323 247 1360 Illum
276 1323 390 1359 etiam
419 1322 523 1367 lauri,
554 1323 667 1360 etiam
697 1322 832 1359 flevere
862 1324 1039 1371 myricae,

135 1381 270 1430 pinifer
297 1382 401 1418 illurn
431 1382 543 1419 etiam
575 1382 656 1419 sola
686 1382 756 1418 sub
784 1394 878 1430 rupe
907 1382 1096 1419 iacentem

136 1441 339 1478 Maenalus
369 1448 405 1478 et
433 1441 547 1489 gelidi
576 1441 762 1478 fleverunt
792 1453 884 1477 saxa
913 1441 1063 1489 Lycaei.

137 1500 245 1537 Stant
274 1507 311 1537 et
339 1512 431 1537 oves
460 1501 602 1537 circum
632 1499 765 1549 (nostri
797 1512 867 1537 nec
897 1500 1066 1548 paenitet
1094 1499 1198 1538 illas:

137 1573 209 1598 nec
237 1567 274 1597 te
303 1561 494 1610 paeniteat
524 1561 684 1609 pecoris,
715 1560 840 1597 divine
869 1567 1006 1608 poeta;

137 1626 174 1657 et
202 1619 392 1656 formosus
422 1631 512 1656 oves
542 1619 590 1656 ad
619 1619 777 1656 flumina
806 1619 908 1667 pavit
936 1616 1116 1669 Adonis),

137 1679 239 1717 venit
268 1686 304 1716 et
333 1680 461 1728 upilio,
490 1679 587 1716 tardi
616 1691 752 1716 venere
783 1679 940 1723 subulci,

138 1739 272 1776 uvidus
301 1738 461 1776 hiberna
489 1739 590 1775 venit
620 1739 667 1775 de
697 1738 837 1787 glande
867 1737 1076 1779 Menalcas,

138 1798 288 1836 Omnes
318 1799 442 1836 ‘unde
472 1810 581 1835 amor
609 1798 702 1836 iste'
732 1804 870 1847 rogant
901 1797 1031 1835 ‘tibi’?
1078 1797 1195 1835 Venit
1223 1797 1389 1847 Apollo:

139 1857 282 1902 ‘Galle‚
313 1858 404 1906 quid
433 1858 617 1895 insanis?'
658 1857 790 1906 inquit,
822 1860 908 1894 ‘tua
937 1869 1027 1893 cura
1056 1856 1214 1904 Lycoris

139 1928 282 1965 perque
312 1917 415 1954 nives
444 1917 558 1953 alium
588 1928 730 1965 perque
759 1915 910 1953 horrida
938 1923 1063 1953 castra
1091 1923 1222 1953 secuta
1251 1916 1328 1953 est!

138 1975 255 2012 Venit
284 1982 320 2012 et
349 1976 487 2025 agresti
517 1976 651 2024 capitis
683 1975 855 2012 Silvanus
885 1975 1031 2012 honore

140 2035 320 2072 florentes
349 2035 487 2073 ferulas
516 2043 553 2072 et
581 2035 741 2084 grandia
769 2035 843 2071 lilia
873 2047 1069 2083 quassans.

139 2094 222 2131 Pan
251 2095 345 2132 deus
373 2095 559 2132 Arcadiae
588 2095 700 2139 venit,
729 2106 845 2143 quem
874 2093 1034 2130 vidimus
1062 2093 1135 2142 ipsi

140 2155 360 2204 sanguineis
389 2155 488 2192 ebuli
517 2155 622 2193 bacis
651 2155 848 2204 minioque
877 2155 1088 2191 rubentem.

141 2213 307 2262 ‘Ecquis
336 2214 405 2251 erit
434 2213 614 2252 modus?‘
652 2214 785 2262 inquit.
844 2213 988 2250 ‘Amor
1016 2225 1095 2250 non
1125 2212 1213 2250 talia
1242 2219 1372 2250 curat:

140 2285 211 2310 nec
241 2273 403 2310 lacrimis
432 2273 594 2311 crudelis
623 2273 746 2309 Amor
774 2284 845 2309 nec
873 2272 1046 2321 gramina
1074 2272 1160 2308 rivis

140 2344 211 2369 nec
241 2332 360 2381 cytiso
389 2339 603 2369 saturantur
632 2344 723 2380 apes
752 2344 823 2369 nec
852 2331 986 2368 fronde
1015 2331 1206 2379 capellae!

140 2390 278 2428 Tristis
302 2397 339 2428 at
367 2391 427 2428 ille
456 2390 632 2427 ‘Tamen
662 2390 871 2435 cantabitis,
902 2389 1095 2434 Arcades,’
1125 2389 1258 2437 inquit,

142 2450 358 2487 ‘montibus
387 2449 481 2487 haec
511 2449 653 2494 vestris,
684 2449 753 2486 soli
783 2454 936 2486 cantare
965 2448 1073 2497 periti

1484 1161 1524 1183 10

1486 1456 1523 1487 15

1485 1755 1524 1777 20

1487 2344 1530 2376 30
