1669 2737
562 83 728 118 LIBER
764 81 849 118 VII.
882 75 1091 131 379-456.

131 206 219 232 cum
248 194 337 231 vitta
365 192 500 237 crines,
529 198 610 230 tum
638 203 787 229 ramum
817 190 975 227 innectit
1005 190 1125 227 olivae
1141 202 1151 235 ;

131 254 172 290 fit
201 253 344 302 Calybe
373 252 532 289 Iunonis
561 263 657 289 anus
686 250 893 298 templique
923 250 1116 293 sacerdos,

132 322 168 351 et
198 314 322 351 iuveni
351 320 439 351 ante
467 312 600 350 oculos
629 312 686 348 his
716 323 757 348 se
787 323 875 348 cum
905 310 1063 347 vocibus
1093 309 1230 346 offert:

133 374 300 418 ‘Turne,
329 379 387 411 tot
415 373 609 410 incassum
639 371 742 408 fusos
772 372 916 420 patiere
946 371 1095 407 labores

132 440 168 470 et
197 440 261 469 tua
288 431 493 469 Dardaniis
522 430 718 468 transcribi
748 437 898 478 sceptra
928 428 1100 465 colonis?

132 491 218 528 Rex
246 491 314 528 tibi
344 491 565 539 coniugium
594 496 631 526 et
661 489 851 538 quaesitas
881 488 1067 536 sanguine
1098 487 1206 524 dotes

131 551 308 599 abnegat,
339 556 593 598 externusque
622 549 660 585 in
690 559 853 596 regnum
883 547 1074 595 quaeritur
1102 546 1223 582 heres.

132 609 151 646 Ι
180 621 295 653 nunc,
325 608 481 657 ingratis
511 608 606 645 offer
635 614 682 652 te,
713 607 827 651 irrise,
858 605 1027 655 periclis;

131 668 362 718 Tyrrhenas,
392 669 414 714 i,
446 676 570 705 sterne
601 668 721 713 acies;
761 674 847 715 tege
877 678 972 715 pace
1002 665 1171 702 Latinos.

134 727 245 765 Haec
272 727 371 764 adeo
401 727 467 764 tibi
495 738 567 772 me,
599 726 750 775 placida
780 737 866 762 cum
897 731 1010 761 nocte
1041 725 1191 769 iaceres,

132 788 216 836 ipsa
244 786 375 836 palam
403 785 470 823 fari
499 786 746 834 omnipotens
777 784 952 822 Saturnia
982 784 1098 820 iussit.

133 846 263 893 Quare
292 858 364 895 age
394 852 431 883 et
460 845 597 882 armari
626 846 770 893 pubem
800 845 998 893 portisque
1027 843 1172 880 moveri

132 907 252 945 laetus
281 906 320 943 in
351 917 456 942 arma
484 917 585 954 para,
617 911 653 942 et
682 904 869 952 Phrygios
899 904 963 952 qui
994 903 1151 939 flumine
1180 901 1339 952 pulchro

134 966 343 1005 consedere
374 966 490 1003 duces
518 966 716 1015 pictasque
747 976 862 1001 exure
892 964 1051 1000 carinas.

134 1027 353 1066 Caelestum
381 1027 436 1065 vis
464 1039 607 1076 magna
634 1027 747 1063 iubet.
806 1025 891 1062 Rex
921 1026 1003 1073 ipse
1034 1024 1202 1069 Latinus,

133 1087 173 1124 ni
202 1086 293 1124 dare
322 1086 543 1135 coniugium
572 1092 609 1122 et
638 1085 739 1122 dicto
768 1096 901 1134 parere
931 1083 1078 1128 fatetur,

135 1145 271 1183 sentiat
299 1150 337 1182 et
365 1144 521 1181 tandem
551 1143 727 1180 Turnum
756 1143 968 1192 experiatur
997 1142 1035 1178 in
1066 1141 1203 1178 armis.’

189 1206 266 1244 Hic
294 1206 439 1243 iuvenis
468 1212 594 1243 vatem
622 1205 780 1242 irridens
811 1205 864 1242 sic
894 1216 980 1241 orsa
1008 1203 1172 1240 vicissim

135 1279 201 1304 ore
230 1266 366 1304 refert:
411 1264 586 1302 ‘Classes
615 1265 781 1302 invectas
811 1263 1017 1312 Thybridis
1047 1263 1190 1300 undam

135 1339 226 1372 non,
256 1334 298 1364 ut
325 1339 419 1373 rere,
450 1338 554 1364 meas
584 1325 716 1374 effugit
744 1325 897 1362 nuntius
928 1336 1050 1361 aures.

136 1387 198 1424 Ne
227 1393 354 1423 tantos
383 1386 473 1422 mihi
503 1386 606 1434 finge
634 1391 781 1430 metus;
821 1396 893 1421 nec
922 1384 1027 1432 regia
1056 1382 1154 1420 Iuno

136 1447 340 1483 immemor
367 1451 424 1482 est
453 1444 581 1482 nostri.

138 1504 216 1543 Sed
243 1511 280 1541 te
308 1504 407 1541 victa
436 1504 509 1541 situ
537 1503 691 1553 verique
720 1503 833 1541 effeta
862 1509 1049 1546 senectus

137 1576 163 1602 o
191 1570 323 1609 mater,
354 1563 453 1601 curis
482 1563 715 1612 nequiquam
745 1570 895 1600 exercet
923 1569 961 1600 et
990 1573 1096 1598 arma

137 1635 272 1673 regum
301 1623 398 1660 inter
427 1622 520 1659 falsa
549 1630 674 1659 vatem
702 1621 906 1660 formidine
936 1622 1040 1659 ludit.

138 1682 242 1721 Cura
270 1682 337 1720 tibi
367 1682 496 1719 divum
525 1681 669 1731 effigies
698 1688 735 1718 et
764 1681 906 1730 templa
935 1681 1054 1718 tueri:

137 1742 236 1779 bella
264 1741 331 1778 viri
360 1753 574 1791 pacemque
603 1747 744 1790 gerent,
776 1742 884 1789 queis
914 1740 1012 1777 bella
1041 1738 1234 1788 gerenda!

192 1800 354 1838 Talibus
383 1800 532 1838 Allecto
561 1800 670 1837 dictis
699 1801 838 1837 exarsit
866 1801 905 1837 in
934 1800 1017 1836 iras.

138 1862 191 1899 At
218 1861 344 1899 iuveni
373 1860 495 1898 oranti
525 1860 672 1897 subitus
700 1866 842 1897 tremor
870 1866 1034 1908 occupat
1062 1865 1175 1903 artus,

140 1921 337 1970 deriguere
366 1919 492 1958 oculi:
531 1926 588 1957 tot
616 1919 753 1969 Erinys
783 1919 904 1956 sibilat
933 1919 1060 1969 hydris

139 1988 320 2030 tantaque
348 1991 389 2016 se
418 1978 532 2016 facies
561 1979 706 2027 aperit;
745 1985 827 2015 tum
856 1977 1034 2014 flammea
1062 1984 1244 2026 torquens

138 2041 283 2079 lumina
310 2047 554 2079 cunctantem
583 2046 621 2076 et
649 2045 897 2089 quaerentem
926 2038 1050 2075 dicere
1079 2038 1187 2087 plura

140 2100 303 2150 reppulit
331 2107 368 2137 et
396 2099 575 2149 geminos
605 2099 722 2136 erexit
751 2098 916 2135 crinibus
945 2109 1091 2146 angues

140 2160 372 2208 verberaque
400 2158 568 2195 insonuit
595 2157 806 2207 rabidoque
836 2157 930 2194 haec
959 2156 1104 2193 addidit
1133 2168 1222 2194 ore:

142 2219 226 2257 ‘En
253 2230 328 2267 ego
356 2218 455 2255 victa
483 2218 565 2263 situ,
597 2229 713 2266 quarn
742 2215 819 2252 veri
847 2216 959 2252 effeta
989 2222 1165 2253 senectus

142 2291 248 2316 arma
276 2278 373 2315 inter
400 2288 536 2325 regum
564 2275 659 2313 falsa
688 2274 890 2312 formidine
918 2274 1033 2312 ludit!

142 2337 308 2387 Respice
336 2335 385 2373 ad
412 2335 530 2373 haec:
570 2335 705 2372 adsum
735 2334 901 2371 dirarum
930 2334 979 2371 ab
1008 2334 1098 2372 sede
1128 2345 1312 2379 sororum,

141 2397 240 2435 bella
267 2407 384 2433 manu
413 2395 608 2444 letumque
635 2393 753 2443 gero.’

145 2456 207 2495 Sic
235 2455 348 2494 effata
376 2453 501 2492 facem
529 2454 653 2491 iuveni
682 2453 846 2491 coniecit
876 2459 912 2490 et
941 2459 1022 2491 atro

1462 322 1525 351 420

1461 918 1523 947 «ιε-ε)

1462 1217 1522 1250 435

1464 1517 1527 1547 440

1466 1812 1528 1843 445

1467 2112 1529 2143 450
