1669 2737
134 61 215 104 270
707 55 930 92 AENEJS.

133 168 340 203 immanem
369 164 481 202 veluti
511 176 650 214 pecora
680 165 777 203 inter
805 165 939 203 inertia
967 165 1105 214 tigrim.

133 224 328 262 Continuo
358 236 459 261 nova
486 224 550 261 lux
579 224 697 262 oculis
726 225 873 272 effulsit,
903 231 940 262 et
968 236 1073 262 arma

133 283 366 321 horrendum
395 294 580 329 sonuere;
620 290 784 321 tremunt
813 285 851 321 in
880 284 1017 322 vertice
1046 284 1179 321 cristae

134 344 376 393 sanguineae,
407 342 605 392 clipeoque
634 344 813 381 micantia
841 343 1001 381 fulmina
1028 343 1150 380 mittit.

133 404 362 452 Agnoscunt
392 401 528 439 faciem
557 403 717 440 invisam
747 410 862 452 atque
890 403 1073 440 immania
1100 402 1273 439 membra

134 462 271 500 turbati
300 462 424 498 subito
453 462 669 499 Aeneadae.
726 461 831 499 Tum
860 462 1058 499 Pandarus
1086 461 1223 509 ingens

135 522 271 559 emicat
300 528 337 558 et
365 521 498 558 mortis
527 520 709 558 fraternae
738 521 901 558 fervidus
931 521 984 558 ira

136 582 292 619 effatur:
335 579 448 617 ‘Non
478 579 573 617 haec
602 580 737 617 dotalis
764 581 869 629 regia
896 581 1070 625 Amatae,

135 653 207 678 nec
236 640 353 677 muris
382 639 535 676 cohibet
563 640 690 688 patriis
718 640 846 677 media
874 640 1002 678 Ardea
1032 640 1219 677 Turnum.

136 701 270 738 Castra
298 699 450 736 inimica
479 699 608 735 vides:
649 699 750 736 nulla
777 699 868 736 hinc
898 700 999 736 exire
1027 698 1220 748 potestas.²

137 759 212 798 Olli
242 758 440 796 subridens
469 759 600 795 sedato
630 767 786 807 pectore
816 758 971 796 Turnus

138 819 304 867 ‘Incipe,
334 818 365 855 si
394 830 470 867 qua
498 819 628 854 animo
657 819 781 864 virtus,
812 825 848 855 et
877 830 1036 855 consere
1067 818 1261 855 dextram:

137 879 198 915 hic
227 879 339 914 etiam
368 878 562 914 inventum
592 877 743 915 Priamo
773 878 942 915 narrabis
972 876 1181 914 Achillem.'

137 937 304 974 Dixerat.
364 936 431 973 Ille
460 936 593 973 rudem
622 937 735 974 nodis
764 944 801 974 et
829 937 968 974 cortice
997 936 1114 973 crudo

138 998 330 1045 intorquet
357 996 516 1032 summis
546 997 707 1033 annixus
737 997 876 1033 viribus
905 996 1076 1033 hastam:

140 1067 323 1104 excepere
353 1066 493 1099 aurae;
532 1055 665 1092 vulnus
696 1056 869 1093 Saturnia
897 1055 996 1092 Iuno

141 1114 296 1151 detorsit
324 1114 493 1158 veniens,
523 1120 731 1163 portaeque
760 1115 926 1163 infigitur
954 1114 1073 1153 hasta.

142 1176 215 1210 ‘At
243 1185 322 1210 non
352 1173 425 1210 hoc
454 1173 583 1218 telum,
612 1185 699 1210 mea
726 1173 830 1222 quod
860 1174 894 1210 vi
924 1174 1077 1211 dextera
1106 1180 1240 1217 versat,

142 1232 324 1281 effugies3
364 1244 489 1281 neque
518 1232 619 1268 enim
648 1233 679 1269 is
707 1232 769 1269 teli
798 1245 868 1270 nec
898 1232 1060 1269 vulneris
1091 1229 1270 1270 auctor:'

142 1293 195 1329 sic
224 1292 283 1336 ait,
315 1298 351 1328 et
380 1290 569 1328 sublatum
599 1291 670 1328 alte
701 1292 895 1340 consurgit
923 1292 962 1327 in
992 1303 1121 1328 ensem

143 1358 180 1388 et
208 1351 375 1388 mediam
404 1350 500 1387 ferro
529 1351 684 1398 gemina
713 1351 810 1388 inter
839 1357 1012 1399 tempora
1040 1350 1203 1388 frontem

144 1411 273 1448 dividit
301 1411 551 1459 impubesque
581 1410 737 1446 immani
765 1410 916 1448 vulnere
945 1410 1074 1448 malas.

144 1469 204 1507 Fit
232 1481 361 1514 sonus,
392 1469 536 1517 ingenti
565 1480 753 1506 concussa
782 1476 840 1506 est
868 1469 1039 1517 pondere
1069 1469 1199 1507 tellus:

145 1528 336 1577 collapsos
363 1535 463 1565 artus
493 1535 606 1577 atque
635 1540 740 1565 arma
769 1536 921 1566 cruenta
950 1530 1105 1566 cerebro

145 1588 275 1626 sternit
303 1587 407 1623 humi
436 1588 613 1632 moriens,
643 1594 757 1636 atque
785 1587 834 1623 illi
863 1588 1030 1636 partibus
1059 1588 1190 1637 aequis

146 1647 220 1684 huc
250 1653 363 1694 caput
392 1653 504 1695 atque
533 1645 619 1682 illuc
649 1657 782 1682 umero
812 1659 859 1683 ex
889 1654 1048 1695 utroque
1077 1646 1271 1696 pependit.

147 1706 361 1754 Diffugiunt
390 1705 486 1742 versi
514 1705 661 1753 trepida
691 1704 891 1743 formidine
921 1706 1069 1743 Troes:

148 1773 185 1802 et
213 1766 244 1802 si
272 1765 455 1802 continuo
484 1765 664 1802 victorem
694 1776 739 1801 ea
768 1777 857 1802 cura
886 1765 1058 1809 subisset,

148 1837 323 1873 rumpere
351 1824 513 1860 claustra
542 1835 657 1860 manu
686 1824 888 1872 sociosque
917 1825 1117 1862 immittere
1146 1825 1274 1873 portiS‚

149 1885 301 1921 ultimus
330 1884 388 1920 ille
417 1883 498 1921 dies
526 1883 625 1920 bello
655 1884 834 1932 gentique
863 1883 1015 1929 suisset;

151 1944 218 1981 sed
247 1943 350 1980 furor
378 1943 574 1980 ardentem
604 1942 808 1991 caedisque
837 1943 970 1979 insana
999 1943 1138 1991 cupido

152 2004 227 2051 egit
255 2004 294 2039 in
322 2003 512 2039 adversos.

152 2061 343 2110 Principio
373 2060 559 2098 Phalerim
589 2067 625 2098 et
654 2060 803 2098 succiso
833 2061 974 2110 poplite
1004 2059 1142 2110 Gygen

152 2121 312 2169 excipit;
350 2120 439 2157 hinc
469 2127 595 2169 raptas
624 2120 853 2169 fugientibus
883 2120 1017 2169 ingerit
1045 2120 1171 2157 hastas

152 2181 191 2218 in
220 2188 368 2228 tergum
398 2179 512 2229 (Iuno
541 2180 636 2216 vires
665 2181 910 2229 animumque
938 2178 1161 2228 ministrat);

153 2240 258 2277 addit
287 2239 429 2288 Halym
458 2240 638 2277 comitem
667 2247 703 2277 et
733 2240 884 2277 confixa
914 2239 1067 2288 Phegea
1096 2252 1239 2288 parma,

154 2301 306 2348 ignaros
336 2300 472 2336 deinde
502 2300 539 2336 in
568 2300 684 2337 muris
714 2299 956 2348 Martemque
986 2301 1128 2337 cientes

154 2359 464 2409 Alcandrumque
493 2359 727 2408 Haliumque
757 2359 1036 2408 Noemonaque
1066 2358 1344 2408 Prytanimque.

494 2441 566 2475 733.
613 2434 763 2466 Fortasse
779 2433 952 2475 legendum
968 2438 1017 2466 est
1034 2438 1041 2450 ‘
1053 2433 1195 2476 clipeus.'

1451 175 1514 211 730

1453 471 1513 505 735

1460 1067 1519 1099 745

1464 1660 1524 1693 755

1468 1951 1529 1992 760
