1669 2737
646 99 814 134 LIBER
842 99 876 133 J.
913 93 1034 148 1,-63.

143 207 308 244 necdum
337 208 451 246 etiam
480 220 617 246 causae
645 209 783 245 irarum
813 207 990 256 saevique
1021 208 1171 245 dolores

143 267 362 304 exciderant
391 267 519 304 animo
535 280 546 313 3
585 274 714 304 manet
744 267 818 304 alta
846 274 976 303 mente
1007 274 1204 315 repostum

142 325 323 363 iudicium
351 326 495 363 Paridis
525 334 746 375 spretaeque
776 326 910 363 iniuria
939 325 1084 363 formae

143 391 180 420 et
207 397 329 433 genus
358 385 520 422 invisum
549 392 586 422 et
614 386 710 434 rapti
741 384 977 433 Ganymedis
1007 384 1198 422 honores:

142 443 200 480 his
230 456 392 481 accensa
420 456 531 493 super
560 445 719 482 iactatos
749 456 917 492 aequore
948 450 1030 480 toto

143 502 279 549 Troas,
308 503 484 552 reliquias
512 502 692 540 Danaum
721 510 835 551 atque
865 503 1020 540 immitis
1049 502 1199 548 Achilli,

142 563 294 599 arcebat
323 562 438 611 longe
468 562 590 607 Latio,
619 562 836 610 multosque
865 574 934 610 per
963 574 1089 599 annos

141 622 316 659 errabant
345 622 419 659 acti
448 621 533 659 fatis
563 622 681 658 maria
710 623 840 659 omnia
868 623 1022 659 circum.

143 680 291 719 Tantae
319 681 431 718 molis
461 688 540 718 erat
570 681 792 718 Romanam
822 682 988 719 condere
1018 688 1185 730 gentem.

195 740 270 778 Vix
298 754 319 778 e
349 750 559 790 conspectu
589 741 736 779 Siculae
764 741 903 779 telluris
931 742 970 778 in
1000 742 1118 778 altum

141 800 223 837 vela
251 801 392 838 dabant
420 801 505 838 laeti
535 809 571 838 et
600 813 757 849 spumas
786 801 872 837 salis
903 813 988 837 aere
1018 802 1188 845 ruebant,

142 871 231 896 cum
260 860 360 897 Iuno
389 867 586 897 aeternum
615 872 770 897 servans
800 861 870 897 sub
901 869 1056 910 pectore
1085 860 1221 897 vulnus

141 919 234 955 haec
265 930 417 956 secum:
458 919 599 955 ‘Mene
628 919 781 968 incepto
812 919 993 956 desistere
1023 920 1173 964 victam,

141 990 213 1015 nec
242 990 358 1027 posse
386 978 495 1016 Italia
523 978 761 1015 Teucrorum
791 986 957 1016 avertere
986 980 1143 1027 regem?

142 1037 298 1087 Quippe
326 1045 431 1075 vetor
459 1038 554 1076 fatis.
611 1038 783 1076 Pallasne
813 1051 971 1075 exurere
1001 1038 1161 1075 classem

141 1098 325 1147 Argivum
354 1104 468 1147 atque
496 1098 603 1148 ipsos
632 1099 756 1146 potuit
786 1099 1030 1146 submergere
1061 1106 1184 1147 ponto

140 1157 251 1194 unius
279 1158 331 1194 ob
361 1170 505 1195 noxam
535 1165 572 1195 et
601 1158 714 1194 furias
744 1158 870 1195 Aiacis
901 1158 1006 1196 Oili?

141 1216 242 1266 Ipsa,
272 1216 374 1254 Iovis
402 1217 578 1266 rapidum
606 1217 767 1254 iaculata
796 1229 816 1253 e
846 1217 1011 1254 nubibus
1040 1217 1180 1266 ignem,

141 1277 364 1325 disiecitque
393 1284 490 1314 rates
520 1277 725 1325 evertitque
754 1289 921 1325 aequora
950 1278 1083 1322 ventis,

141 1339 246 1375 illum
274 1339 531 1387 exspirantem
559 1339 743 1376 transfixo
773 1346 927 1387 pectore
957 1339 1132 1377 flammas

142 1398 290 1434 turbine
320 1399 498 1446 corripuit
528 1398 764 1446 scopuloque
794 1398 916 1434 infixit
945 1406 1083 1444 acuto;

141 1466 197 1495 ast
226 1469 311 1506 ego,
342 1469 439 1506 quae
468 1457 596 1494 divum
626 1457 764 1494 incedo
792 1458 934 1506 regina,
967 1458 1144 1507 Iovisque

142 1526 179 1554 et
207 1530 315 1555 soror
343 1524 380 1554 et
409 1518 589 1562 coniunx,
620 1529 697 1554 una
726 1529 813 1554 cum
843 1525 957 1565 gente
988 1526 1042 1555 tot
1071 1530 1197 1555 annos

141 1577 241 1614 bella
269 1589 373 1625 gero.
429 1576 479 1613 Et
508 1577 710 1625 quisquam
740 1588 885 1613 numen
915 1576 1075 1614 Iunonis
1106 1577 1239 1614 adorat

142 1643 349 1685 praeterea,
379 1643 444 1673 aut
473 1636 633 1684 supplex
663 1636 734 1673 aris
764 1637 937 1685 imponet
967 1637 1184 1673 honorem?
1203 1637 1211 1650 ’

196 1695 308 1733 Talia
334 1695 530 1732 flammato
560 1707 690 1732 secum
721 1694 794 1732 dea
823 1695 937 1732 corde
965 1696 1139 1733 volutans

143 1756 362 1793 nimborum
387 1755 429 1791 -in
457 1753 631 1803 patriam,
662 1755 748 1791 loca
775 1753 851 1791 feta
880 1754 1092 1792 furentibus
1121 1756 1283 1800 Austris,

143 1815 320 1852 Aeoliam
349 1814 459 1851 venit.
519 1813 596 1850 Hic
626 1820 733 1851 vasto
762 1826 827 1850 rex
857 1813 1004 1851 Aeolus
1034 1820 1144 1851 antro

143 1875 329 1912 luctantes
357 1881 493 1910 ventos
522 1879 845 1921 tempestatesque
876 1885 1039 1911 sonoras

144 1934 304 1983 imperio
333 1933 480 1982 premit,
511 1944 555 1970 ac
584 1932 715 1970 vinclis
745 1940 782 1969 et
811 1945 962 1970 carcere
993 1933 1125 1970 frenat.

145 1993 201 2030 Illi
228 1992 471 2042 indignantes
499 2003 644 2040 magno
675 2004 763 2029 cum
791 2004 986 2029 murmure
1015 1993 1158 2030 montis

144 2053 288 2090 circum
316 2052 477 2089 claustra
505 2051 692 2097 fremunt3
732 2051 832 2088 celsa
861 2051 966 2088 sedet
996 2052 1141 2089 Aeolus
1170 2063 1256 2088 arce

145 2119 295 2161 sceptra
322 2118 469 2156 tenens,
499 2111 696 2160 mollitque
725 2111 875 2147 animos
904 2119 940 2148 et
968 2118 1154 2160 temperat
1184 2112 1280 2148 iras:

145 2173 184 2208 ni
212 2171 334 2216 faciat,
364 2171 483 2207 maria
512 2182 556 2207 ac
586 2178 703 2207 terras
734 2170 960 2218 caelumque
990 2170 1226 2218 profundum

146 2233 288 2281 quippe
315 2231 436 2268 ferant
463 2230 584 2279 rapidi
613 2242 744 2267 secum
773 2238 997 2278 verrantque
1027 2242 1094 2278 per
1124 2242 1255 2267 auras:

146 2292 213 2329 sed
241 2291 352 2328 Pater
380 2291 624 2339 omnipotens
654 2289 845 2339 speluncis
874 2290 1018 2326 abdidit
1048 2290 1134 2327 atris

145 2351 221 2388 hoc
249 2358 435 2395 metuens,
464 2349 685 2398 molemque
714 2356 751 2385 et
779 2355 930 2385 montes
959 2349 1113 2397 insuper
1143 2349 1239 2387 altos

146 2410 338 2458 imposuit,
368 2420 575 2458 regemque
605 2408 720 2452 dedit,
751 2408 816 2456 qui
846 2406 999 2444 foedere
1030 2415 1132 2444 certo

147 2476 185 2506 et
212 2481 383 2518 premere
412 2476 450 2505 et
477 2468 583 2505 laxas
613 2468 724 2506 sciret
753 2467 844 2504 dare
873 2467 997 2504 iussus
1027 2467 1207 2505 habenas.

1493 518 1534 548 30

1493 817 1532 847 35

1492 1114 1533 1145 40

1493 1413 1532 1445 45

1497 2007 1535 2038 55

1497 2296 1537 2327 60
