1669 2737
543 96 711 131 LIBER
739 97 796 133 II.
825 92 1036 146 419—496.

151 202 188 242 O
216 202 428 242 fortunatos
456 203 628 250 nimium,
658 216 726 242 sua
755 205 785 242 si
813 205 918 242 bona
946 205 1084 252 norint,

96 263 304 311 agricolas!
342 263 480 312 quibus
508 264 592 313 ipsa
620 264 753 313 procul
783 264 1021 302 discordibus
1052 265 1166 302 armis

95 320 218 359 fundit
246 322 364 360 humo
393 322 544 361 facilem
573 323 714 360 victum
744 324 948 361 iustissima
976 323 1096 360 tellus.

96 380 136 418 Si
164 393 244 419 non
274 382 470 431 ingentem
500 382 644 420 foribus
674 383 812 420 domus
842 383 915 420 alta
945 383 1117 432 superbis

94 452 208 477 mane
236 441 467 478 salutantum
495 442 584 479 totis
611 442 730 479 vomit
758 442 915 479 aedibus
943 442 1100 487 undam,

94 511 165 536 nec
193 501 316 537 varios
344 500 492 538 inhiant
520 500 677 550 pulchra
706 501 896 538 testudine
925 508 1068 550 postes,

92 558 296 609 illusasque
325 572 418 598 auro
446 567 570 598 vestes
599 560 870 610 Ephyreiaque
897 573 995 606 aera,

93 618 178 656 alba
206 631 331 668 neque
359 619 521 669 Assyrio
550 619 696 657 fucatur
724 619 813 656 lana
841 631 1005 666 veneno,

92 689 163 714 nec
192 678 295 715 casia
322 678 453 728 liquidi
482 680 734 728 corrumpitur
762 691 852 716 usus
881 679 993 727 olivi;

92 743 129 773 at
158 747 293 774 secura
320 738 428 786 quies
457 744 495 775 et
522 739 652 776 nescia
680 737 809 775 fallere
838 738 924 784 vita,

92 796 195 833 dives
223 808 343 845 opum
370 797 568 843 variarum,
597 804 636 834 at
663 798 746 835 latis
775 799 853 835 otia
881 798 1021 844 fundis,

92 855 297 904 speluncae
325 856 474 905 vivique
502 857 618 902 lacus,
649 864 687 894 at
716 857 852 906 frigida
881 857 1033 906 Tempe

90 915 335 964 mugitusque
362 915 482 952 boum
510 916 720 966 mollesque
750 917 822 954 sub
852 917 986 954 arbore
1014 917 1141 954 somni

90 984 171 1010 non
200 974 360 1021 absunt,
397 975 472 1013 illic
502 976 618 1013 saltus
647 988 691 1013 ac
725 976 841 1013 lustra
870 976 1045 1021 ferarum,

91 1039 129 1070 et
156 1033 306 1081 patiens
335 1045 496 1083 operum
526 1035 744 1085 exiguoque
774 1042 926 1073 assueta
955 1036 1139 1081 iuventus,

91 1103 198 1129 sacra
227 1092 341 1129 deum
371 1094 568 1143 sanctique
597 1102 746 1144 patres;
787 1102 957 1132 extrema
986 1106 1053 1144 per
1082 1095 1167 1132 illos

91 1150 235 1188 Iustitia
262 1151 454 1190 excedens
483 1153 589 1191 terris
618 1155 775 1203 vestigia
804 1153 902 1191 fecit.

145 1210 212 1247 Me
241 1223 330 1249 vero
358 1212 524 1261 primum
554 1212 683 1250 dulces
712 1220 797 1250 ante
828 1213 958 1250 omnia
987 1212 1138 1258 Musae,

91 1281 252 1319 quarum
282 1282 389 1308 sacra
416 1270 498 1309 fero
526 1272 671 1321 ingenti
700 1285 906 1321 percussus
935 1285 1078 1318 amore,

91 1330 291 1379 accipiant,
321 1331 492 1381 caelique
520 1332 598 1369 vias
628 1339 665 1370 et
694 1333 817 1370 sidera
846 1340 1069 1377 monstrent,

90 1388 261 1427 defectus
289 1390 380 1427 solis
409 1391 533 1428 varios
561 1390 749 1441 lunaeque
779 1391 929 1429 labores
944 1405 955 1439 3

89 1449 192 1486 unde
221 1456 364 1487 tremor
392 1451 510 1495 terris,
541 1462 618 1499 qua
646 1451 681 1487 vi
710 1451 829 1488 maria
858 1451 932 1488 alta
961 1458 1177 1489 tumescant

89 1507 278 1546 obiicibus
305 1508 425 1558 ruptis
452 1521 656 1559 rursusque
685 1510 725 1546 in
753 1522 794 1547 se
824 1511 907 1559 ipsa
936 1510 1113 1556 residant,

89 1566 182 1616 quid
209 1573 358 1605 tantum
388 1567 549 1606 Oceano
578 1576 786 1618 properent
815 1581 855 1606 se
886 1570 1058 1618 tinguere
1089 1569 1190 1607 soles

89 1626 248 1673 hiberni,
276 1627 334 1665 vel
363 1640 463 1677 quae
492 1628 609 1666 tardis
639 1641 748 1666 mora
777 1629 955 1666 noctibus
985 1629 1121 1667 obstet.

90 1685 157 1723 Sin
186 1686 256 1724 has
285 1699 334 1724 ne
361 1688 508 1737 possim
537 1694 694 1726 naturae
724 1689 906 1726 accedere
937 1696 1064 1738 partes

89 1746 246 1796 frigidus
275 1748 460 1786 obstiterit
488 1749 633 1787 circum
662 1750 887 1798 praecordia
917 1751 1085 1799 sanguis,

87 1819 174 1844 rura
201 1807 294 1844 mihi
323 1814 361 1845 et
387 1808 484 1856 rigui
513 1809 690 1858 placeant
719 1809 758 1846 in
786 1809 946 1846 vallibus
976 1821 1120 1856 amnes,

88 1865 247 1903 flumina
275 1878 403 1904 amem
432 1867 618 1918 silvasque
647 1868 840 1917 inglorius.
899 1868 935 1906 O
963 1869 1028 1906 ubi
1059 1870 1185 1918 campi

90 1924 380 1976 Spercheusque
408 1932 446 1964 et
473 1927 682 1976 virginibus
711 1927 897 1966 bacchata
926 1928 1112 1966 Lacaenis

88 1983 274 2034 Taygeta,
303 1997 328 2023 o
357 1986 422 2035 qui
450 1998 513 2024 me
542 1987 677 2036 gelidis
707 1987 940 2025 convallibus
970 1987 1113 2024 Haemi

88 2043 205 2089 sistat,
234 2051 273 2081 et
300 2044 446 2094 ingenti
474 2057 669 2083 ramorum
699 2054 876 2096 protegat
904 2047 1068 2084 umbra?

87 2101 205 2149 Felix,
235 2104 300 2152 qui
327 2105 452 2154 potuit
481 2117 606 2143 rerum
637 2118 873 2155 cognoscere
903 2117 1051 2151 causas,

87 2169 201 2212 atque
230 2170 355 2201 metus
383 2176 521 2201 omnes
550 2171 588 2202 et
616 2165 850 2202 inexorabile
879 2165 1000 2202 fatum

87 2222 245 2259 subiecit
271 2222 434 2271 pedibus
464 2224 739 2273 strepitumque
768 2224 997 2262 Acherontis
1026 2224 1137 2263 avari.

86 2279 318 2319 Fortunatus
347 2288 384 2319 et
412 2283 485 2328 ille,
515 2283 611 2321 deos
641 2284 706 2332 qui
735 2284 840 2321 novit
870 2289 1052 2333 agrestes,

86 2339 268 2390 Panaque
298 2342 570 2391 Silvanumque
599 2355 731 2380 senem
761 2343 1041 2393 Nymphasque
1070 2356 1230 2383 sorores.

86 2398 199 2436 Illum
227 2412 308 2438 non
336 2401 468 2450 populi
496 2402 632 2448 fasces,
661 2414 742 2439 non
770 2414 937 2452 purpura
965 2414 1101 2452 regum

87 2457 190 2496 flexit
218 2466 258 2496 et
285 2459 425 2498 infidos
454 2461 604 2510 agitans
634 2461 825 2500 discordia
853 2460 994 2509 fratres,

740 2542 812 2570 E2

1431 103 1479 144 51

1420 332 1485 371 400

1417 934 1481 966 470

1414 1230 1477 1262 455

1415 1520 1481 1557 480

1417 1819 1479 1859 485

1412 2125 1477 2156 490

1410 2421 1471 2452 495
