1669 2737
548 96 716 131 LIBER
746 95 842 131 ΧΠ.
876 87 1086 141 884-952.

129 206 332 245 dissultant
361 207 536 256 crepitus.
596 204 712 242 Volat
742 204 810 241 atri
839 203 1000 240 turbinis
1029 203 1147 240 instar

129 266 286 304 exitium
315 265 438 303 dirum
467 265 576 303 hasta
604 264 730 301 ferens
760 275 924 312 orasque
953 262 1112 300 recludit

128 325 269 362 loricae
297 332 333 362 et
362 324 473 373 clipei
502 332 696 362 extremos
725 322 985 371 septemplicis
1015 322 1139 359 orbes.

129 384 202 422 Per
230 383 401 422 medium
430 384 593 421 stridens
622 383 756 420 transit
784 382 917 420 femur.
977 381 1115 418 Incidit
1146 382 1240 417 ictus

129 445 267 493 ingens
295 443 345 481 ad
371 452 510 481 terram
539 443 732 493 duplicato
762 442 907 492 poplite
936 441 1103 478 Turnus.

131 503 381 553 Consurgunt
409 503 554 553 gemitu
584 502 726 547 Rutuli,
757 508 937 550 totusque
966 501 1129 550 remugit

130 575 244 600 mons
273 563 429 608 circum,
459 568 496 600 et
524 574 661 600 vocem
691 562 764 598 late
794 573 953 599 nemora
983 561 1056 598 alta
1086 561 1292 597 remittunt.

130 622 198 660 Ille
227 622 389 660 humiles
419 622 582 672 supplex
612 621 757 666 oculos,
790 622 1040 671 dextramque
1070 626 1294 670 precantem

129 684 364 733 protendens
395 683 609 733 ‘Equidem
639 683 758 721 merui
788 695 860 720 nec
891 681 1099 732 deprecor'
1130 682 1273 731 inquit3

132 746 260 780 ‘utere
290 750 391 780 sorte
420 750 495 780 tua.
553 742 686 780 Miseri
716 750 752 780 te
782 742 813 779 si
842 754 917 791 qua
947 742 1113 792 parentis

129 809 286 851 tangere
315 814 406 839 cura
433 809 570 851 potest,
603 814 671 840 oro
701 801 786 852 (fuit
815 810 852 839 et
881 802 948 839 tibi
977 801 1060 839 talis

130 863 321 900 Anchises
349 862 527 913 genitor),
558 862 686 899 Dauni
716 864 895 900 miserere
927 870 1104 900 senectae

131 931 169 960 et
196 935 271 968 me,
301 935 369 961 seu
398 935 539 972 corpus
568 922 773 972 spoliatum
802 922 946 959 lumine
976 922 1104 964 mavis,

129 982 246 1020 redde
274 984 381 1020 meis.
438 983 586 1027 vicisti,
617 991 653 1020 et
682 984 824 1020 victum
853 982 1010 1020 tendere
1040 981 1188 1031 palmas

130 1043 296 1080 Ausonii
324 1043 473 1089 videre;
514 1050 578 1080 tua
608 1050 664 1080 est
694 1042 854 1079 Lavinia
884 1042 1078 1080 coniunx:

130 1102 285 1140 ulterius
314 1115 363 1140 ne
393 1103 509 1140 tende
539 1102 660 1140 odiis.’
719 1102 828 1139 Stetit
857 1114 944 1139 acer
973 1102 1012 1138 in
1041 1101 1156 1138 armis

131 1163 298 1208 Aeneas,
329 1163 486 1200 volvens
515 1163 660 1207 oculos,
692 1162 943 1210 dextramque
972 1161 1173 1210 repressit3

132 1229 169 1260 et
198 1222 275 1260 iam
305 1223 458 1273 iamque
487 1223 612 1272 magis
641 1229 885 1260 cunctantem
915 1221 1066 1258 flectere
1098 1231 1222 1257 sermo

132 1288 324 1330 coeperat,
354 1282 482 1320 infelix
511 1293 645 1319 umero
676 1294 764 1319 curn
794 1282 969 1330 apparuit
998 1281 1075 1318 alto

131 1341 281 1379 balteus
311 1348 348 1379 et
376 1342 478 1380 notis
508 1341 692 1379 fulserunt
722 1341 875 1390 cingula
905 1341 1014 1377 bullis

133 1400 314 1438 Pallantis
342 1402 459 1450 pueri,
491 1402 633 1439 victum
663 1413 779 1450 quem
808 1400 962 1437 vulnere
993 1399 1150 1436 Turnus

133 1467 314 1498 straverat
342 1467 457 1510 atque
486 1460 628 1498 umeris
656 1460 855 1497 inimicum
885 1460 1031 1507 insigne
1060 1459 1226 1506 gerebat.

134 1520 214 1567 Ille,
244 1521 365 1558 oculis
394 1528 602 1571 postquam
632 1521 734 1558 saevi
762 1520 1004 1557 monimenta
1034 1519 1177 1556 doloris

133 1581 367 1630 exuviasque
396 1581 532 1626 hausit,
561 1581 666 1618 furiis
696 1592 882 1618 accensus
912 1587 948 1616 et
977 1579 1030 1615 ira

133 1640 307 1677 terribilis
339 1639 475 1678 ‘Tune
504 1639 594 1677 hinc
625 1639 755 1689 spoliis
785 1639 916 1676 indute
945 1650 1123 1675 meorum

134 1699 295 1749 eripiare
324 1699 441 1736 mihi?
500 1699 626 1737 Pallas
655 1707 691 1737 te
721 1698 796 1736 hoc
826 1698 993 1744 vulnere,
1024 1697 1148 1734 Pallas

133 1759 306 1796 immolat
335 1767 372 1797 et
401 1771 570 1809 poenam
600 1759 784 1796 scelerato
813 1771 860 1795 ex
891 1759 1079 1807 sanguine
1110 1758 1247 1795 sumit.’

134 1818 226 1856 Hoc
257 1819 390 1857 dicens
419 1819 560 1856 sermm
591 1818 752 1856 adverso
783 1819 854 1855 sub
884 1826 1040 1866 pectore
1071 1817 1202 1854 condit

135 1878 310 1916 fervidus.
370 1880 443 1916 Ast
472 1879 523 1916 illi
553 1879 751 1916 solvuntur
780 1878 920 1927 frigore
950 1878 1124 1914 membra

135 1939 286 1989 vitaque
316 1951 404 1977 cum
433 1940 579 1989 gemitu
605 1939 702 1988 fugit
732 1938 931 1988 indignata
962 1939 1032 1975 sub
1061 1938 1228 1974 umbras.

1440 93 1523 140 345

1459 333 1521 364 925

1460 630 1524 662 930

1462 931 1524 963 935

1464 1234 1528 1266 940

1466 1533 1528 1564 945

1467 1829 1532 1862 950
