1669 2737
110 45 191 97 248
682 30 908 91 AEN-515.

109 168 172 198 aut
198 174 324 200 acrem
356 162 505 200 dubites
533 163 572 200 in
602 164 745 213 proelia
778 177 937 214 poscere
968 163 1168 202 Turnum!

108 220 225 267 Dixit,
255 228 291 258 et
320 222 518 271 amplexus
547 224 625 260 nati
655 223 841 272 Cytherea
869 225 1011 272 petivit,

109 292 214 317 arma
243 282 313 318 sub
342 281 499 319 adversa
527 282 655 331 posuit
683 283 871 320 radiantia
899 295 1053 332 querCU.

109 340 188 385 Ille,
218 340 310 377 deae
341 341 453 378 donis
483 348 519 378 et
549 348 654 378 tanto
684 342 803 380 laetus
833 343 991 388 honore,

110 400 249 448 expleri
279 401 410 449 nequit
439 407 552 449 atque
582 401 715 438 oculos
744 414 811 450 per
841 402 989 450 singula
1017 402 1141 447 volvit,

109 459 344 508 miraturque
372 460 545 509 interque
575 472 712 498 manus
743 468 779 497 et
808 461 987 498 bracchia
1015 468 1139 498 versat

109 518 313 555 terribilem
344 518 464 555 cristis
493 518 643 567 galeam
675 519 925 568 flammasque
955 527 1187 565 vomentem,

110 577 373 625 fatiferumque
403 589 548 621 ensem,
578 577 734 615 loricam
764 592 810 616 ex
841 592 925 616 aere
954 579 1140 628 rigentem

110 638 359 685 sanguineam
389 637 595 685 ingentem,
627 638 747 686 qualis
777 651 864 675 cum
894 639 1044 676 caerula
1073 639 1197 675 nubes

109 696 198 733 solis
227 696 431 733 inardescit
458 696 570 733 radiis
599 697 791 746 longeque
825 698 1008 747 refulget;

108 763 188 793 tum
218 756 318 792 leves
348 767 482 792 ocreas
511 756 651 793 electro
680 768 848 806 auroque
878 766 1032 795 recocto

108 816 333 863 hastamque
363 820 399 851 et
428 814 539 863 clipei
569 826 649 851 non
679 816 886 852 enarrabile
916 823 1071 854 textum.

109 875 190 912 Illic
219 886 278 911 res
308 874 422 911 Italas
452 873 797 923 Romanorumque
827 875 1041 924 triumphos

108 934 211 971 haud
239 941 367 970 vatum
397 934 551 982 ignarus
581 935 802 983 venturique
831 936 974 972 inscius
1003 936 1084 972 aevi

109 994 248 1031 fecerat
277 993 514 1042 Ignipotens,
547 993 619 1030 illic
649 1005 769 1042 genus
800 1006 915 1031 omne
945 994 1089 1031 futurae

109 1054 232 1102 stirpis
261 1054 309 1089 ab
338 1053 508 1090 Ascanio
538 1060 783 1102 pugnataque
813 1054 851 1090 in
881 1054 1014 1090 ordine
1043 1053 1149 1090 bella.

108 1113 265 1150 Fecerat
294 1118 330 1149 et
358 1112 463 1148 viridi
493 1111 608 1148 fetam
639 1112 821 1149 Mavortis
850 1113 889 1149 in
918 1119 1027 1149 antro

109 1171 356 1221 procubuisse
386 1171 526 1219 lupam,
557 1172 734 1219 geminos
764 1172 851 1209 huic
882 1173 1000 1208 ubera
1030 1172 1173 1209 circum

109 1231 238 1268 ludere
267 1230 479 1279 pendentes
507 1242 647 1278 pueros
677 1237 714 1268 et
743 1231 909 1268 lambere
939 1237 1100 1268 matrem

110 1290 334 1339 impavidos,
364 1290 464 1326 illam
493 1291 598 1327 tereti
628 1291 772 1328 cervice
802 1291 945 1328 reflexa

110 1351 276 1387 mulcere
304 1349 467 1386 alternos
496 1355 533 1386 et
562 1361 725 1398 corpora
755 1350 897 1399 fingere
926 1349 1066 1399 lingua.

112 1410 195 1448 Nec
224 1409 356 1458 procul
385 1409 473 1446 hinc
503 1409 671 1446 Romam
701 1416 737 1446 et
766 1417 892 1459 raptas
923 1410 1004 1447 sine
1033 1421 1139 1446 more
1172 1408 1332 1446 Sabinas

112 1481 295 1508 consessu
325 1481 461 1506 caveae
490 1470 640 1518 magnis
672 1469 916 1507 Circensibus
945 1470 1037 1507 actis

111 1529 317 1573 addiderat,
349 1529 549 1577 subitoque
580 1541 722 1565 novum
753 1541 982 1578 consurgere
1012 1528 1152 1566 bellurn

113 1588 327 1626 Romulidis
355 1587 548 1636 Tatioque
578 1589 659 1624 seni
690 1587 932 1636 Curibusque
963 1588 1114 1625 severis.

113 1648 204 1685 Post
230 1647 332 1684 idem
360 1647 457 1683 inter
486 1659 526 1683 se
555 1648 681 1695 posito
711 1648 916 1684 certamine
945 1659 1054 1695 reges

113 1707 245 1744 armati
275 1706 374 1743 Iovis
405 1712 491 1742 ante
522 1718 626 1742 aram
655 1713 880 1754 paterasque
910 1712 1083 1744 tenentes

113 1768 264 1804 stabant
291 1773 328 1802 et
357 1777 468 1802 caesa
498 1765 706 1813 iungebant
735 1765 890 1802 foedera
918 1777 1046 1814 porca.

113 1826 230 1862 Haud
259 1824 392 1873 procul
421 1824 509 1861 inde
540 1825 634 1861 citae
664 1823 827 1861 Mettum
856 1825 894 1860 in
924 1825 1070 1861 diversa
1099 1824 1306 1872 quadrigae

114 1884 332 1921 distulerant
363 1882 416 1933 (at
444 1890 483 1920 tu
514 1883 633 1928 dictis,
664 1883 825 1928 Albane,
855 1895 1029 1920 maneres
1045 1882 1069 1932 !)

112 1944 358 1992 raptabatque
388 1943 453 1978 viri
482 1942 679 1979 mendacis
709 1942 853 1979 viscera
882 1941 1017 1978 Tullus
1065 1969 1069 1973 .

112 2016 180 2052 per
209 2003 350 2047 silvam,
381 2009 417 2039 et
447 2002 566 2050 sparsi
597 2002 776 2038 rorabant
806 2001 990 2049 sanguine
1019 2013 1165 2050 vepres.

114 2063 198 2100 Nec
226 2074 305 2099 non
335 2062 588 2110 Tarquinium
617 2062 780 2098 eiectum
810 2061 1007 2098 Porsenna
1036 2061 1187 2099 iubebat

114 2123 285 2170 accipere
314 2122 535 2170 ingentique
565 2122 697 2158 urbem
727 2121 928 2158 obsidione
957 2121 1178 2168 premebat:

115 2181 319 2217 Aeneadae
348 2181 386 2216 in
416 2180 555 2216 ferrum
585 2191 654 2228 pro
684 2180 851 2217 libertate
880 2180 1053 2216 ruebant.

115 2239 226 2276 Illum
256 2239 469 2287 indignanti
500 2239 661 2276 similem
691 2238 928 2287 similemque
957 2238 1119 2274 minanti

115 2299 312 2348 aspiceres,
343 2305 502 2347 pontem
532 2298 686 2335 auderet
716 2298 804 2346 quia
832 2297 967 2334 vellere
997 2296 1136 2334 Cocles

114 2366 151 2395 et
178 2358 333 2394 fiuvium
362 2357 493 2394 vinclis
522 2358 671 2394 innaret
700 2357 845 2394 Cloelia
873 2357 1002 2406 ruptis.

115 2417 161 2453 In
193 2428 344 2454 summo
375 2422 503 2454 custos
534 2416 722 2465 Tarpeiae
752 2415 919 2453 Manlius
948 2416 1044 2452 arcis

116 2477 236 2514 stabat
265 2488 336 2524 pro
366 2475 511 2525 templo
541 2482 578 2512 et
606 2475 795 2524 Capitolia
823 2475 925 2513 celsa
958 2474 1123 2520 tenebat,

1431 229 1493 270 615

1433 524 1496 556 620

1434 1117 1497 1156 630

1436 1710 1498 1750 640

1437 2304 1500 2344 650
