<?xml version="1.0" encoding="UTF-8"?>
<!DOCTYPE html PUBLIC "-//W3C//DTD XHTML 1.0 Transitional//EN"
    "http://www.w3.org/TR/xhtml1/DTD/xhtml1-transitional.dtd">
<html xmlns="http://www.w3.org/1999/xhtml" xml:lang="en" lang="en">
 <head>
  <title>
</title>
<meta http-equiv="Content-Type" content="text/html;charset=utf-8" />
  <meta name='ocr-system' content='tesseract 3.04.00' />
  <meta name='ocr-capabilities' content='ocr_page ocr_carea ocr_par ocr_line ocrx_word'/>
</head>
<body>
  <div class='ocr_page' id='page_1' title='image "./operavirgilwithi01virguoft_0181.png"; bbox 0 0 1669 2737; ppageno 0'>
   <div class='ocr_carea' id='block_1_1' title="bbox 594 90 1090 139">
    <p class='ocr_par' dir='ltr' id='par_1_1' title="bbox 594 90 1090 139">
     <span class='ocr_line' id='line_1_1' title="bbox 594 90 1090 139; baseline 0.004 -15"><span class='ocrx_word' id='word_1_1' title='bbox 594 90 762 124; x_wconf 81' lang='lat' dir='ltr'><em>LIBER</em></span> <span class='ocrx_word' id='word_1_2' title='bbox 791 90 846 126; x_wconf 80' lang='grc' dir='ltr'>Π.</span> <span class='ocrx_word' id='word_1_3' title='bbox 878 94 1090 139; x_wconf 76' lang='lat'><strong>302-379·</strong></span> 
     </span>
    </p>
   </div>
   <div class='ocr_carea' id='block_1_2' title="bbox 151 198 1372 2503">
    <p class='ocr_par' dir='ltr' id='par_1_2' title="bbox 151 198 1372 2503">
     <span class='ocr_line' id='line_1_2' title="bbox 154 198 1269 249; baseline 0.002 -13"><span class='ocrx_word' id='word_1_4' title='bbox 154 204 192 236; x_wconf 86' lang='lat' dir='ltr'>et</span> <span class='ocrx_word' id='word_1_5' title='bbox 216 199 322 237; x_wconf 88' lang='lat' dir='ltr'>lateri</span> <span class='ocrx_word' id='word_1_6' title='bbox 351 199 615 249; x_wconf 83' lang='lat' dir='ltr'>agglomerant</span> <span class='ocrx_word' id='word_1_7' title='bbox 644 206 785 244; x_wconf 89' lang='lat' dir='ltr'>nostro,</span> <span class='ocrx_word' id='word_1_8' title='bbox 817 198 1038 248; x_wconf 88' lang='lat' dir='ltr'>iuvenisque</span> <span class='ocrx_word' id='word_1_9' title='bbox 1068 198 1269 238; x_wconf 84' lang='lat' dir='ltr'>Coroebus</span> 
     </span>
     <span class='ocr_line' id='line_1_3' title="bbox 154 257 1107 307; baseline 0.001 -13"><span class='ocrx_word' id='word_1_10' title='bbox 154 257 437 307; x_wconf 85' lang='lat' dir='ltr'>Mygdonides:</span> <span class='ocrx_word' id='word_1_11' title='bbox 480 258 548 296; x_wconf 89' lang='lat' dir='ltr'>illis</span> <span class='ocrx_word' id='word_1_12' title='bbox 578 258 625 296; x_wconf 91' lang='lat' dir='ltr'>ad</span> <span class='ocrx_word' id='word_1_13' title='bbox 655 258 817 296; x_wconf 83' lang='lat' dir='ltr'>Troiam</span> <span class='ocrx_word' id='word_1_14' title='bbox 846 258 943 295; x_wconf 88' lang='lat' dir='ltr'>forte</span> <span class='ocrx_word' id='word_1_15' title='bbox 973 258 1107 296; x_wconf 90' lang='lat' dir='ltr'>diebus</span> 
     </span>
     <span class='ocr_line' id='line_1_4' title="bbox 153 317 1119 362; baseline 0 -8"><span class='ocrx_word' id='word_1_16' title='bbox 153 323 305 354; x_wconf 89' lang='lat' dir='ltr'>venerat</span> <span class='ocrx_word' id='word_1_17' title='bbox 332 317 469 354; x_wconf 91' lang='lat' dir='ltr'>insano</span> <span class='ocrx_word' id='word_1_18' title='bbox 498 317 740 354; x_wconf 82' lang='lat' dir='ltr'>Cassandrae</span> <span class='ocrx_word' id='word_1_19' title='bbox 768 318 948 355; x_wconf 90' lang='lat' dir='ltr'>incensus</span> <span class='ocrx_word' id='word_1_20' title='bbox 977 330 1119 362; x_wconf 88' lang='lat' dir='ltr'>amore,</span> 
     </span>
     <span class='ocr_line' id='line_1_5' title="bbox 153 376 1226 426; baseline 0 -13"><span class='ocrx_word' id='word_1_21' title='bbox 153 383 190 413; x_wconf 92' lang='lat' dir='ltr'>et</span> <span class='ocrx_word' id='word_1_22' title='bbox 216 388 334 425; x_wconf 88' lang='lat' dir='ltr'>gener</span> <span class='ocrx_word' id='word_1_23' title='bbox 361 376 542 413; x_wconf 85' lang='lat' dir='ltr'>auxilium</span> <span class='ocrx_word' id='word_1_24' title='bbox 570 376 722 413; x_wconf 84' lang='lat' dir='ltr'>Priamo</span> <span class='ocrx_word' id='word_1_25' title='bbox 752 376 1042 426; x_wconf 80' lang='lat' dir='ltr'>Phrygibusque</span> <span class='ocrx_word' id='word_1_26' title='bbox 1072 376 1226 423; x_wconf 86' lang='lat' dir='ltr'>ferebat,</span> 
     </span>
     <span class='ocr_line' id='line_1_6' title="bbox 152 434 1098 484; baseline 0.001 -13"><span class='ocrx_word' id='word_1_27' title='bbox 152 434 281 472; x_wconf 82' lang='lat' dir='ltr'>infelix</span> <span class='ocrx_word' id='word_1_28' title='bbox 310 436 376 483; x_wconf 90' lang='lat' dir='ltr'>qui</span> <span class='ocrx_word' id='word_1_29' title='bbox 403 446 484 472; x_wconf 89' lang='lat' dir='ltr'>non</span> <span class='ocrx_word' id='word_1_30' title='bbox 511 446 677 484; x_wconf 83' lang='lat' dir='ltr'>sponsae</span> <span class='ocrx_word' id='word_1_31' title='bbox 706 444 912 484; x_wconf 86' lang='lat' dir='ltr'>praecepta</span> <span class='ocrx_word' id='word_1_32' title='bbox 940 436 1098 473; x_wconf 88' lang='lat' dir='ltr'>furentis</span> 
     </span>
     <span class='ocr_line' id='line_1_7' title="bbox 153 494 320 531; baseline 0 0"><span class='ocrx_word' id='word_1_33' title='bbox 153 494 320 531; x_wconf 89' lang='lat' dir='ltr'>audierit.</span> 
     </span>
     <span class='ocr_line' id='line_1_8' title="bbox 153 552 1106 604; baseline 0.002 -14"><span class='ocrx_word' id='word_1_34' title='bbox 153 552 266 599; x_wconf 88' lang='lat' dir='ltr'>Quos</span> <span class='ocrx_word' id='word_1_35' title='bbox 294 554 360 591; x_wconf 88' lang='lat' dir='ltr'>ubi</span> <span class='ocrx_word' id='word_1_36' title='bbox 388 555 582 593; x_wconf 88' lang='lat' dir='ltr'>confertos</span> <span class='ocrx_word' id='word_1_37' title='bbox 611 554 751 593; x_wconf 87' lang='lat' dir='ltr'>audere</span> <span class='ocrx_word' id='word_1_38' title='bbox 779 556 818 592; x_wconf 92' lang='lat' dir='ltr'>in</span> <span class='ocrx_word' id='word_1_39' title='bbox 847 556 991 604; x_wconf 88' lang='lat' dir='ltr'>proelia</span> <span class='ocrx_word' id='word_1_40' title='bbox 1020 556 1106 600; x_wconf 88' lang='lat' dir='ltr'>vidi,</span> 
     </span>
     <span class='ocr_line' id='line_1_9' title="bbox 152 612 1204 662; baseline 0.004 -14"><span class='ocrx_word' id='word_1_41' title='bbox 152 612 294 662; x_wconf 90' lang='lat' dir='ltr'>incipio</span> <span class='ocrx_word' id='word_1_42' title='bbox 324 625 436 662; x_wconf 90' lang='lat' dir='ltr'>super</span> <span class='ocrx_word' id='word_1_43' title='bbox 464 614 546 652; x_wconf 88' lang='lat' dir='ltr'>his:</span> <span class='ocrx_word' id='word_1_44' title='bbox 591 617 612 632; x_wconf 81' lang='lat'>‘⁴</span> <span class='ocrx_word' id='word_1_45' title='bbox 627 614 802 659; x_wconf 88' lang='lat' dir='ltr'>Iuvenes,</span> <span class='ocrx_word' id='word_1_46' title='bbox 833 614 1038 652; x_wconf 81' lang='lat' dir='ltr'>fortissima</span> <span class='ocrx_word' id='word_1_47' title='bbox 1067 615 1204 652; x_wconf 78' lang='lat' dir='ltr'>frustra</span> 
     </span>
     <span class='ocr_line' id='line_1_10' title="bbox 152 673 1120 722; baseline 0.001 -13"><span class='ocrx_word' id='word_1_48' title='bbox 152 679 318 722; x_wconf 85' lang='lat' dir='ltr'>pectora,</span> <span class='ocrx_word' id='word_1_49' title='bbox 348 673 379 710; x_wconf 89' lang='lat' dir='ltr'>si</span> <span class='ocrx_word' id='word_1_50' title='bbox 407 673 515 710; x_wconf 91' lang='lat' dir='ltr'>vobis</span> <span class='ocrx_word' id='word_1_51' title='bbox 543 673 750 710; x_wconf 86' lang='lat' dir='ltr'><strong>audentem</strong></span> <span class='ocrx_word' id='word_1_52' title='bbox 780 680 949 711; x_wconf 78' lang='lat' dir='ltr'>extrema</span> <span class='ocrx_word' id='word_1_53' title='bbox 978 674 1120 722; x_wconf 89' lang='lat' dir='ltr'>cupido</span> 
     </span>
     <span class='ocr_line' id='line_1_11' title="bbox 153 732 1099 782; baseline 0.002 -14"><span class='ocrx_word' id='word_1_54' title='bbox 153 737 256 769; x_wconf 88' lang='lat' dir='ltr'>certa</span> <span class='ocrx_word' id='word_1_55' title='bbox 284 732 403 782; x_wconf 90' lang='lat' dir='ltr'>sequi,</span> <span class='ocrx_word' id='word_1_56' title='bbox 433 744 530 781; x_wconf 85' lang='lat' dir='ltr'>quae</span> <span class='ocrx_word' id='word_1_57' title='bbox 559 733 607 770; x_wconf 88' lang='lat' dir='ltr'>sit</span> <span class='ocrx_word' id='word_1_58' title='bbox 633 732 746 770; x_wconf 87' lang='lat' dir='ltr'>rebus</span> <span class='ocrx_word' id='word_1_59' title='bbox 774 732 927 770; x_wconf 89' lang='lat' dir='ltr'>fortuna</span> <span class='ocrx_word' id='word_1_60' title='bbox 956 734 1099 770; x_wconf 86' lang='lat' dir='ltr'>videtis.</span> 
     </span>
     <span class='ocr_line' id='line_1_12' title="bbox 152 789 1026 841; baseline 0.002 -13"><span class='ocrx_word' id='word_1_61' title='bbox 152 789 363 830; x_wconf 83' lang='lat' dir='ltr'>Excessere</span> <span class='ocrx_word' id='word_1_62' title='bbox 392 803 528 829; x_wconf 92' lang='lat' dir='ltr'>omnes</span> <span class='ocrx_word' id='word_1_63' title='bbox 556 791 677 841; x_wconf 86' lang='lat' dir='ltr'>adytis</span> <span class='ocrx_word' id='word_1_64' title='bbox 707 792 859 841; x_wconf 90' lang='lat' dir='ltr'>arisque</span> <span class='ocrx_word' id='word_1_65' title='bbox 888 793 1026 830; x_wconf 90' lang='lat' dir='ltr'>relictis</span> 
     </span>
     <span class='ocr_line' id='line_1_13' title="bbox 152 850 1282 900; baseline 0.004 -13"><span class='ocrx_word' id='word_1_66' title='bbox 152 850 202 895; x_wconf 89' lang='lat' dir='ltr'>di,</span> <span class='ocrx_word' id='word_1_67' title='bbox 232 851 370 900; x_wconf 88' lang='lat' dir='ltr'>quibus</span> <span class='ocrx_word' id='word_1_68' title='bbox 399 851 600 900; x_wconf 90' lang='lat' dir='ltr'>imperium</span> <span class='ocrx_word' id='word_1_69' title='bbox 628 851 702 889; x_wconf 90' lang='lat' dir='ltr'>hoc</span> <span class='ocrx_word' id='word_1_70' title='bbox 732 858 886 889; x_wconf 86' lang='lat' dir='ltr'>steterat</span> <span class='ocrx_word' id='word_1_71' title='bbox 902 865 914 899; x_wconf 78' lang='lat'><em>3</em></span> <span class='ocrx_word' id='word_1_72' title='bbox 955 854 1170 891; x_wconf 85' lang='lat' dir='ltr'>succurritis</span> <span class='ocrx_word' id='word_1_73' title='bbox 1199 854 1282 891; x_wconf 89' lang='lat' dir='ltr'>urbi</span> 
     </span>
     <span class='ocr_line' id='line_1_14' title="bbox 152 909 1230 956; baseline 0.005 -11"><span class='ocrx_word' id='word_1_74' title='bbox 152 909 354 948; x_wconf 86' lang='lat' dir='ltr'>incensae:</span> <span class='ocrx_word' id='word_1_75' title='bbox 394 911 611 956; x_wconf 79' lang='lat' dir='ltr'>moriamur,</span> <span class='ocrx_word' id='word_1_76' title='bbox 641 917 677 948; x_wconf 91' lang='lat' dir='ltr'>et</span> <span class='ocrx_word' id='word_1_77' title='bbox 705 911 745 947; x_wconf 91' lang='lat' dir='ltr'>in</span> <span class='ocrx_word' id='word_1_78' title='bbox 774 912 900 948; x_wconf 90' lang='lat' dir='ltr'>media</span> <span class='ocrx_word' id='word_1_79' title='bbox 929 924 1034 950; x_wconf 89' lang='lat' dir='ltr'>arma</span> <span class='ocrx_word' id='word_1_80' title='bbox 1063 926 1230 950; x_wconf 89' lang='lat' dir='ltr'>ruamus.</span> 
     </span>
     <span class='ocr_line' id='line_1_15' title="bbox 152 968 1082 1020; baseline 0.004 -14"><span class='ocrx_word' id='word_1_81' title='bbox 152 968 242 1007; x_wconf 90' lang='lat' dir='ltr'>Una</span> <span class='ocrx_word' id='word_1_82' title='bbox 270 970 371 1008; x_wconf 89' lang='lat' dir='ltr'>salus</span> <span class='ocrx_word' id='word_1_83' title='bbox 400 971 506 1008; x_wconf 90' lang='lat' dir='ltr'>victis</span> <span class='ocrx_word' id='word_1_84' title='bbox 533 971 677 1007; x_wconf 90' lang='lat' dir='ltr'>nullam</span> <span class='ocrx_word' id='word_1_85' title='bbox 706 983 858 1020; x_wconf 88' lang='lat' dir='ltr'>sperare</span> <span class='ocrx_word' id='word_1_86' title='bbox 888 972 1082 1011; x_wconf 86' lang='lat' dir='ltr'>salutem.&#39;&#39;</span> 
     </span>
     <span class='ocr_line' id='line_1_16' title="bbox 153 1028 1271 1082; baseline 0.003 -15"><span class='ocrx_word' id='word_1_87' title='bbox 153 1028 216 1067; x_wconf 89' lang='lat' dir='ltr'>Sic</span> <span class='ocrx_word' id='word_1_88' title='bbox 243 1031 380 1068; x_wconf 91' lang='lat' dir='ltr'>animis</span> <span class='ocrx_word' id='word_1_89' title='bbox 408 1031 587 1068; x_wconf 88' lang='lat' dir='ltr'>iuvenum</span> <span class='ocrx_word' id='word_1_90' title='bbox 615 1031 720 1068; x_wconf 86' lang='lat' dir='ltr'>furor</span> <span class='ocrx_word' id='word_1_91' title='bbox 748 1031 910 1069; x_wconf 86' lang='lat' dir='ltr'>additus.</span> <span class='ocrx_word' id='word_1_92' title='bbox 967 1033 1064 1070; x_wconf 89' lang='lat' dir='ltr'>Inde</span> <span class='ocrx_word' id='word_1_93' title='bbox 1093 1033 1171 1082; x_wconf 91' lang='lat' dir='ltr'>lupi</span> <span class='ocrx_word' id='word_1_94' title='bbox 1201 1045 1271 1070; x_wconf 90' lang='lat' dir='ltr'>ceu</span> 
     </span>
     <span class='ocr_line' id='line_1_17' title="bbox 151 1091 1177 1140; baseline 0.004 -14"><span class='ocrx_word' id='word_1_95' title='bbox 151 1096 325 1139; x_wconf 84' lang='lat' dir='ltr'>raptores</span> <span class='ocrx_word' id='word_1_96' title='bbox 353 1097 434 1128; x_wconf 91' lang='lat' dir='ltr'>atra</span> <span class='ocrx_word' id='word_1_97' title='bbox 461 1091 501 1127; x_wconf 93' lang='lat' dir='ltr'>in</span> <span class='ocrx_word' id='word_1_98' title='bbox 529 1091 677 1136; x_wconf 90' lang='lat' dir='ltr'>nebula,</span> <span class='ocrx_word' id='word_1_99' title='bbox 709 1104 806 1140; x_wconf 91' lang='lat' dir='ltr'>quos</span> <span class='ocrx_word' id='word_1_100' title='bbox 835 1092 1012 1140; x_wconf 87' lang='lat' dir='ltr'>improba</span> <span class='ocrx_word' id='word_1_101' title='bbox 1041 1094 1177 1130; x_wconf 86' lang='lat' dir='ltr'>ventris</span> 
     </span>
     <span class='ocr_line' id='line_1_18' title="bbox 151 1149 972 1199; baseline 0.004 -14"><span class='ocrx_word' id='word_1_102' title='bbox 151 1149 277 1197; x_wconf 84' lang='lat' dir='ltr'>exegit</span> <span class='ocrx_word' id='word_1_103' title='bbox 306 1161 442 1187; x_wconf 88' lang='lat' dir='ltr'>caecos</span> <span class='ocrx_word' id='word_1_104' title='bbox 471 1151 605 1196; x_wconf 88' lang='lat' dir='ltr'>rabies,</span> <span class='ocrx_word' id='word_1_105' title='bbox 636 1151 827 1199; x_wconf 85' lang='lat' dir='ltr'>catulique</span> <span class='ocrx_word' id='word_1_106' title='bbox 855 1151 972 1188; x_wconf 87' lang='lat' dir='ltr'>relicti</span> 
     </span>
     <span class='ocr_line' id='line_1_19' title="bbox 151 1208 1196 1260; baseline 0.004 -15"><span class='ocrx_word' id='word_1_107' title='bbox 151 1208 325 1246; x_wconf 88' lang='lat' dir='ltr'>faucibus</span> <span class='ocrx_word' id='word_1_108' title='bbox 354 1217 578 1258; x_wconf 83' lang='lat' dir='ltr'>exspectant</span> <span class='ocrx_word' id='word_1_109' title='bbox 606 1210 727 1255; x_wconf 81' lang='lat' dir='ltr'>siccis,</span> <span class='ocrx_word' id='word_1_110' title='bbox 758 1222 826 1259; x_wconf 88' lang='lat' dir='ltr'>per</span> <span class='ocrx_word' id='word_1_111' title='bbox 855 1211 937 1255; x_wconf 85' lang='lat' dir='ltr'>tela,</span> <span class='ocrx_word' id='word_1_112' title='bbox 969 1224 1035 1260; x_wconf 89' lang='lat' dir='ltr'>per</span> <span class='ocrx_word' id='word_1_113' title='bbox 1064 1212 1196 1249; x_wconf 88' lang='lat' dir='ltr'>hostes</span> 
     </span>
     <span class='ocr_line' id='line_1_20' title="bbox 151 1268 1372 1321; baseline 0.003 -16"><span class='ocrx_word' id='word_1_114' title='bbox 151 1268 324 1306; x_wconf 90' lang='lat' dir='ltr'>vadimus</span> <span class='ocrx_word' id='word_1_115' title='bbox 352 1269 455 1306; x_wconf 89' lang='lat' dir='ltr'>haud</span> <span class='ocrx_word' id='word_1_116' title='bbox 484 1269 640 1306; x_wconf 89' lang='lat' dir='ltr'>dubiam</span> <span class='ocrx_word' id='word_1_117' title='bbox 668 1270 706 1305; x_wconf 94' lang='lat' dir='ltr'>in</span> <span class='ocrx_word' id='word_1_118' title='bbox 735 1278 908 1315; x_wconf 88' lang='lat' dir='ltr'>mortem,</span> <span class='ocrx_word' id='word_1_119' title='bbox 939 1271 1166 1321; x_wconf 81' lang='lat' dir='ltr'>mediaeque</span> <span class='ocrx_word' id='word_1_120' title='bbox 1197 1279 1372 1309; x_wconf 83' lang='lat' dir='ltr'>tenemus</span> 
     </span>
     <span class='ocr_line' id='line_1_21' title="bbox 151 1327 1169 1373; baseline 0.004 -9"><span class='ocrx_word' id='word_1_121' title='bbox 151 1327 255 1364; x_wconf 90' lang='lat' dir='ltr'>urbis</span> <span class='ocrx_word' id='word_1_122' title='bbox 284 1328 373 1373; x_wconf 91' lang='lat' dir='ltr'>iter;</span> <span class='ocrx_word' id='word_1_123' title='bbox 413 1340 491 1365; x_wconf 85' lang='lat' dir='ltr'>nox</span> <span class='ocrx_word' id='word_1_124' title='bbox 519 1336 600 1365; x_wconf 89' lang='lat' dir='ltr'>atra</span> <span class='ocrx_word' id='word_1_125' title='bbox 629 1340 721 1365; x_wconf 89' lang='lat' dir='ltr'>cava</span> <span class='ocrx_word' id='word_1_126' title='bbox 751 1329 996 1367; x_wconf 88' lang='lat' dir='ltr'>circumvolat</span> <span class='ocrx_word' id='word_1_127' title='bbox 1024 1332 1169 1368; x_wconf 89' lang='lat' dir='ltr'>umbra.</span> 
     </span>
     <span class='ocr_line' id='line_1_22' title="bbox 153 1385 1144 1436; baseline 0.004 -13"><span class='ocrx_word' id='word_1_128' title='bbox 153 1385 251 1432; x_wconf 90' lang='lat' dir='ltr'>Quis</span> <span class='ocrx_word' id='word_1_129' title='bbox 280 1387 428 1424; x_wconf 87' lang='lat' dir='ltr'>cladem</span> <span class='ocrx_word' id='word_1_130' title='bbox 456 1387 553 1424; x_wconf 88' lang='lat' dir='ltr'>illius</span> <span class='ocrx_word' id='word_1_131' title='bbox 581 1387 718 1431; x_wconf 86' lang='lat' dir='ltr'>noctis,</span> <span class='ocrx_word' id='word_1_132' title='bbox 748 1389 833 1436; x_wconf 93' lang='lat' dir='ltr'>quis</span> <span class='ocrx_word' id='word_1_133' title='bbox 863 1388 996 1426; x_wconf 89' lang='lat' dir='ltr'>funera</span> <span class='ocrx_word' id='word_1_134' title='bbox 1025 1390 1144 1427; x_wconf 88' lang='lat' dir='ltr'>fando</span> 
     </span>
     <span class='ocr_line' id='line_1_23' title="bbox 151 1446 1142 1496; baseline 0.004 -14"><span class='ocrx_word' id='word_1_135' title='bbox 151 1446 315 1494; x_wconf 84' lang='lat' dir='ltr'>explicet</span> <span class='ocrx_word' id='word_1_136' title='bbox 342 1454 407 1483; x_wconf 91' lang='lat' dir='ltr'>aut</span> <span class='ocrx_word' id='word_1_137' title='bbox 436 1446 557 1496; x_wconf 90' lang='lat' dir='ltr'>possit</span> <span class='ocrx_word' id='word_1_138' title='bbox 585 1447 746 1484; x_wconf 88' lang='lat' dir='ltr'>lacrimis</span> <span class='ocrx_word' id='word_1_139' title='bbox 776 1459 939 1496; x_wconf 89' lang='lat' dir='ltr'>aequare</span> <span class='ocrx_word' id='word_1_140' title='bbox 968 1448 1142 1486; x_wconf 86' lang='lat' dir='ltr'>labores?</span> 
     </span>
     <span class='ocr_line' id='line_1_24' title="bbox 152 1504 1205 1556; baseline 0.003 -14"><span class='ocrx_word' id='word_1_141' title='bbox 152 1504 255 1543; x_wconf 89' lang='lat' dir='ltr'>Urbs</span> <span class='ocrx_word' id='word_1_142' title='bbox 284 1506 439 1554; x_wconf 90' lang='lat' dir='ltr'>antiqua</span> <span class='ocrx_word' id='word_1_143' title='bbox 466 1507 537 1542; x_wconf 89' lang='lat' dir='ltr'>ruit</span> <span class='ocrx_word' id='word_1_144' title='bbox 565 1506 705 1543; x_wconf 89' lang='lat' dir='ltr'>multos</span> <span class='ocrx_word' id='word_1_145' title='bbox 735 1506 931 1543; x_wconf 88' lang='lat' dir='ltr'>dominata</span> <span class='ocrx_word' id='word_1_146' title='bbox 958 1520 1027 1556; x_wconf 88' lang='lat' dir='ltr'>per</span> <span class='ocrx_word' id='word_1_147' title='bbox 1055 1520 1178 1545; x_wconf 88' lang='lat' dir='ltr'>annos</span> <span class='ocrx_word' id='word_1_148' title='bbox 1194 1521 1205 1555; x_wconf 88' lang='lat'>;</span> 
     </span>
     <span class='ocr_line' id='line_1_25' title="bbox 151 1564 1174 1616; baseline 0.004 -15"><span class='ocrx_word' id='word_1_149' title='bbox 151 1564 316 1613; x_wconf 91' lang='lat' dir='ltr'>plurima</span> <span class='ocrx_word' id='word_1_150' title='bbox 343 1577 486 1614; x_wconf 88' lang='lat' dir='ltr'>perque</span> <span class='ocrx_word' id='word_1_151' title='bbox 515 1565 594 1601; x_wconf 90' lang='lat' dir='ltr'>vias</span> <span class='ocrx_word' id='word_1_152' title='bbox 624 1572 840 1602; x_wconf 87' lang='lat' dir='ltr'>sternuntur</span> <span class='ocrx_word' id='word_1_153' title='bbox 868 1566 1000 1604; x_wconf 88' lang='lat' dir='ltr'>inertia</span> <span class='ocrx_word' id='word_1_154' title='bbox 1029 1568 1174 1616; x_wconf 89' lang='lat' dir='ltr'>passim</span> 
     </span>
     <span class='ocr_line' id='line_1_26' title="bbox 152 1624 1116 1674; baseline 0.001 -13"><span class='ocrx_word' id='word_1_155' title='bbox 152 1635 314 1672; x_wconf 89' lang='lat' dir='ltr'>corpora</span> <span class='ocrx_word' id='word_1_156' title='bbox 340 1636 487 1673; x_wconf 85' lang='lat' dir='ltr'>perque</span> <span class='ocrx_word' id='word_1_157' title='bbox 515 1624 654 1661; x_wconf 90' lang='lat' dir='ltr'>domos</span> <span class='ocrx_word' id='word_1_158' title='bbox 683 1632 721 1662; x_wconf 91' lang='lat' dir='ltr'>et</span> <span class='ocrx_word' id='word_1_159' title='bbox 749 1625 926 1674; x_wconf 86' lang='lat' dir='ltr'>religiosa</span> <span class='ocrx_word' id='word_1_160' title='bbox 956 1627 1116 1664; x_wconf 90' lang='lat' dir='ltr'>deorum</span> 
     </span>
     <span class='ocr_line' id='line_1_27' title="bbox 152 1682 1243 1733; baseline 0.002 -13"><span class='ocrx_word' id='word_1_161' title='bbox 152 1683 294 1720; x_wconf 89' lang='lat' dir='ltr'>limina.</span> <span class='ocrx_word' id='word_1_162' title='bbox 350 1682 435 1720; x_wconf 93' lang='lat' dir='ltr'>Nec</span> <span class='ocrx_word' id='word_1_163' title='bbox 464 1683 534 1720; x_wconf 92' lang='lat' dir='ltr'>soli</span> <span class='ocrx_word' id='word_1_164' title='bbox 564 1695 710 1732; x_wconf 91' lang='lat' dir='ltr'>poenas</span> <span class='ocrx_word' id='word_1_165' title='bbox 739 1683 832 1721; x_wconf 90' lang='lat' dir='ltr'>dant</span> <span class='ocrx_word' id='word_1_166' title='bbox 861 1686 1047 1733; x_wconf 88' lang='lat' dir='ltr'>sanguine</span> <span class='ocrx_word' id='word_1_167' title='bbox 1077 1685 1243 1723; x_wconf 90' lang='lat' dir='ltr'>Teucri:</span> 
     </span>
     <span class='ocr_line' id='line_1_28' title="bbox 154 1742 1229 1793; baseline 0.002 -14"><span class='ocrx_word' id='word_1_168' title='bbox 154 1743 352 1793; x_wconf 90' lang='lat' dir='ltr'>quondam</span> <span class='ocrx_word' id='word_1_169' title='bbox 379 1742 493 1780; x_wconf 89' lang='lat' dir='ltr'>etiam</span> <span class='ocrx_word' id='word_1_170' title='bbox 522 1743 629 1780; x_wconf 90' lang='lat' dir='ltr'>victis</span> <span class='ocrx_word' id='word_1_171' title='bbox 658 1743 755 1780; x_wconf 91' lang='lat' dir='ltr'>redit</span> <span class='ocrx_word' id='word_1_172' title='bbox 782 1743 822 1779; x_wconf 90' lang='lat' dir='ltr'>in</span> <span class='ocrx_word' id='word_1_173' title='bbox 850 1745 1074 1792; x_wconf 88' lang='lat' dir='ltr'>praecordia</span> <span class='ocrx_word' id='word_1_174' title='bbox 1102 1745 1229 1788; x_wconf 90' lang='lat' dir='ltr'>virtus,</span> 
     </span>
     <span class='ocr_line' id='line_1_29' title="bbox 152 1800 1128 1852; baseline 0.002 -14"><span class='ocrx_word' id='word_1_175' title='bbox 152 1802 393 1851; x_wconf 88' lang='lat' dir='ltr'>victoresque</span> <span class='ocrx_word' id='word_1_176' title='bbox 422 1801 564 1839; x_wconf 90' lang='lat' dir='ltr'>cadunt</span> <span class='ocrx_word' id='word_1_177' title='bbox 592 1801 729 1839; x_wconf 89' lang='lat' dir='ltr'>Danai.</span> <span class='ocrx_word' id='word_1_178' title='bbox 785 1800 958 1840; x_wconf 89' lang='lat' dir='ltr'>Crudelis</span> <span class='ocrx_word' id='word_1_179' title='bbox 987 1804 1128 1852; x_wconf 90' lang='lat' dir='ltr'>ubique</span> 
     </span>
     <span class='ocr_line' id='line_1_30' title="bbox 153 1860 1191 1911; baseline 0.001 -13"><span class='ocrx_word' id='word_1_180' title='bbox 153 1861 287 1906; x_wconf 87' lang='lat' dir='ltr'>luctus,</span> <span class='ocrx_word' id='word_1_181' title='bbox 315 1861 459 1911; x_wconf 90' lang='lat' dir='ltr'>ubique</span> <span class='ocrx_word' id='word_1_182' title='bbox 486 1872 605 1910; x_wconf 89' lang='lat' dir='ltr'>pavor</span> <span class='ocrx_word' id='word_1_183' title='bbox 634 1867 672 1897; x_wconf 89' lang='lat' dir='ltr'>et</span> <span class='ocrx_word' id='word_1_184' title='bbox 700 1860 863 1909; x_wconf 89' lang='lat' dir='ltr'>plurima</span> <span class='ocrx_word' id='word_1_185' title='bbox 889 1862 1021 1898; x_wconf 88' lang='lat' dir='ltr'>mortis</span> <span class='ocrx_word' id='word_1_186' title='bbox 1050 1863 1191 1910; x_wconf 87' lang='lat' dir='ltr'>imago.</span> 
     </span>
     <span class='ocr_line' id='line_1_31' title="bbox 209 1919 1246 1969; baseline 0 -12"><span class='ocrx_word' id='word_1_187' title='bbox 209 1920 384 1958; x_wconf 88' lang='lat' dir='ltr'>‘Primus</span> <span class='ocrx_word' id='word_1_188' title='bbox 412 1933 452 1958; x_wconf 91' lang='lat' dir='ltr'>se</span> <span class='ocrx_word' id='word_1_189' title='bbox 481 1919 661 1957; x_wconf 89' lang='lat' dir='ltr'>Danaum</span> <span class='ocrx_word' id='word_1_190' title='bbox 689 1932 833 1969; x_wconf 89' lang='lat' dir='ltr'>magna</span> <span class='ocrx_word' id='word_1_191' title='bbox 862 1921 1068 1958; x_wconf 88' lang='lat' dir='ltr'>comitante</span> <span class='ocrx_word' id='word_1_192' title='bbox 1097 1930 1246 1958; x_wconf 89' lang='lat' dir='ltr'>caterva</span> 
     </span>
     <span class='ocr_line' id='line_1_32' title="bbox 153 1979 1196 2028; baseline 0 -11"><span class='ocrx_word' id='word_1_193' title='bbox 153 1979 385 2028; x_wconf 90' lang='lat' dir='ltr'>Androgeus</span> <span class='ocrx_word' id='word_1_194' title='bbox 414 1979 525 2017; x_wconf 88' lang='lat' dir='ltr'>offert</span> <span class='ocrx_word' id='word_1_195' title='bbox 554 1980 678 2024; x_wconf 89' lang='lat' dir='ltr'>nobis,</span> <span class='ocrx_word' id='word_1_196' title='bbox 709 1980 814 2017; x_wconf 88' lang='lat' dir='ltr'>socia</span> <span class='ocrx_word' id='word_1_197' title='bbox 842 1980 996 2028; x_wconf 89' lang='lat' dir='ltr'>agmina</span> <span class='ocrx_word' id='word_1_198' title='bbox 1025 1980 1196 2025; x_wconf 87' lang='lat' dir='ltr'>credens,</span> 
     </span>
     <span class='ocr_line' id='line_1_33' title="bbox 154 2038 1152 2088; baseline -0.001 -12"><span class='ocrx_word' id='word_1_199' title='bbox 154 2039 307 2084; x_wconf 86' lang='lat' dir='ltr'>inscius,</span> <span class='ocrx_word' id='word_1_200' title='bbox 337 2046 451 2088; x_wconf 91' lang='lat' dir='ltr'>atque</span> <span class='ocrx_word' id='word_1_201' title='bbox 478 2038 578 2076; x_wconf 90' lang='lat' dir='ltr'>ultro</span> <span class='ocrx_word' id='word_1_202' title='bbox 607 2039 730 2076; x_wconf 88' lang='lat' dir='ltr'>verbis</span> <span class='ocrx_word' id='word_1_203' title='bbox 760 2039 965 2088; x_wconf 90' lang='lat' dir='ltr'>compellat</span> <span class='ocrx_word' id='word_1_204' title='bbox 994 2039 1152 2076; x_wconf 87' lang='lat' dir='ltr'>amicis:</span> 
     </span>
     <span class='ocr_line' id='line_1_34' title="bbox 156 2097 1206 2148; baseline 0 -13"><span class='ocrx_word' id='word_1_205' title='bbox 156 2098 393 2145; x_wconf 88' lang='lat' dir='ltr'>“Festinate,</span> <span class='ocrx_word' id='word_1_206' title='bbox 421 2098 500 2135; x_wconf 90' lang='lat' dir='ltr'>viri.</span> <span class='ocrx_word' id='word_1_207' title='bbox 557 2097 660 2135; x_wconf 90' lang='lat' dir='ltr'>Nam</span> <span class='ocrx_word' id='word_1_208' title='bbox 690 2110 788 2148; x_wconf 91' lang='lat' dir='ltr'>quae</span> <span class='ocrx_word' id='word_1_209' title='bbox 817 2105 896 2136; x_wconf 89' lang='lat' dir='ltr'>tam</span> <span class='ocrx_word' id='word_1_210' title='bbox 926 2110 1010 2135; x_wconf 91' lang='lat' dir='ltr'>sera</span> <span class='ocrx_word' id='word_1_211' title='bbox 1038 2105 1206 2135; x_wconf 90' lang='lat' dir='ltr'>moratur</span> 
     </span>
     <span class='ocr_line' id='line_1_35' title="bbox 156 2157 1056 2207; baseline -0.001 -12"><span class='ocrx_word' id='word_1_212' title='bbox 156 2158 362 2207; x_wconf 80' lang='lat' dir='ltr'>segnities?</span> <span class='ocrx_word' id='word_1_213' title='bbox 401 2158 462 2195; x_wconf 90' lang='lat' dir='ltr'>alii</span> <span class='ocrx_word' id='word_1_214' title='bbox 489 2158 641 2206; x_wconf 90' lang='lat' dir='ltr'>rapiunt</span> <span class='ocrx_word' id='word_1_215' title='bbox 669 2158 827 2195; x_wconf 89' lang='lat' dir='ltr'>incensa</span> <span class='ocrx_word' id='word_1_216' title='bbox 855 2157 1056 2207; x_wconf 87' lang='lat' dir='ltr'>feruntque</span> 
     </span>
     <span class='ocr_line' id='line_1_36' title="bbox 156 2217 1326 2266; baseline 0.002 -13"><span class='ocrx_word' id='word_1_217' title='bbox 156 2217 366 2266; x_wconf 84' lang='lat' dir='ltr'>Pergama;</span> <span class='ocrx_word' id='word_1_218' title='bbox 404 2229 474 2255; x_wconf 91' lang='lat' dir='ltr'>vos</span> <span class='ocrx_word' id='word_1_219' title='bbox 503 2217 614 2255; x_wconf 87' lang='lat' dir='ltr'>celsis</span> <span class='ocrx_word' id='word_1_220' title='bbox 643 2230 746 2255; x_wconf 93' lang='lat' dir='ltr'>nunc</span> <span class='ocrx_word' id='word_1_221' title='bbox 776 2218 941 2266; x_wconf 89' lang='lat' dir='ltr'>primum</span> <span class='ocrx_word' id='word_1_222' title='bbox 970 2230 992 2254; x_wconf 89' lang='lat' dir='ltr'>a</span> <span class='ocrx_word' id='word_1_223' title='bbox 1020 2217 1179 2254; x_wconf 88' lang='lat' dir='ltr'>navibus</span> <span class='ocrx_word' id='word_1_224' title='bbox 1208 2217 1326 2255; x_wconf 84' lang='lat' dir='ltr'>itis?”</span> 
     </span>
     <span class='ocr_line' id='line_1_37' title="bbox 155 2276 1290 2326; baseline 0 -13"><span class='ocrx_word' id='word_1_225' title='bbox 155 2276 270 2322; x_wconf 86' lang='lat' dir='ltr'>Dixit,</span> <span class='ocrx_word' id='word_1_226' title='bbox 301 2283 338 2314; x_wconf 92' lang='lat' dir='ltr'>et</span> <span class='ocrx_word' id='word_1_227' title='bbox 366 2276 571 2325; x_wconf 82' lang='lat' dir='ltr'>externplo,</span> <span class='ocrx_word' id='word_1_228' title='bbox 602 2289 728 2326; x_wconf 91' lang='lat' dir='ltr'>neque</span> <span class='ocrx_word' id='word_1_229' title='bbox 757 2276 861 2313; x_wconf 88' lang='lat' dir='ltr'>enim</span> <span class='ocrx_word' id='word_1_230' title='bbox 890 2288 1076 2325; x_wconf 89' lang='lat' dir='ltr'>responsa</span> <span class='ocrx_word' id='word_1_231' title='bbox 1105 2276 1290 2313; x_wconf 88' lang='lat' dir='ltr'>dabantur</span> 
     </span>
     <span class='ocr_line' id='line_1_38' title="bbox 156 2335 1131 2383; baseline 0.001 -12"><span class='ocrx_word' id='word_1_232' title='bbox 156 2335 233 2372; x_wconf 84' lang='lat' dir='ltr'>fida</span> <span class='ocrx_word' id='word_1_233' title='bbox 260 2335 361 2381; x_wconf 87' lang='lat' dir='ltr'>satis,</span> <span class='ocrx_word' id='word_1_234' title='bbox 391 2335 509 2373; x_wconf 89' lang='lat' dir='ltr'>sensit</span> <span class='ocrx_word' id='word_1_235' title='bbox 537 2335 687 2373; x_wconf 91' lang='lat' dir='ltr'>medios</span> <span class='ocrx_word' id='word_1_236' title='bbox 718 2335 895 2383; x_wconf 89' lang='lat' dir='ltr'>delapsus</span> <span class='ocrx_word' id='word_1_237' title='bbox 924 2335 964 2372; x_wconf 92' lang='lat' dir='ltr'>in</span> <span class='ocrx_word' id='word_1_238' title='bbox 992 2335 1131 2372; x_wconf 89' lang='lat' dir='ltr'>hostes.</span> 
     </span>
     <span class='ocr_line' id='line_1_39' title="bbox 158 2394 1190 2444; baseline 0 -12"><span class='ocrx_word' id='word_1_239' title='bbox 158 2394 366 2444; x_wconf 88' lang='lat' dir='ltr'>Obstupuit</span> <span class='ocrx_word' id='word_1_240' title='bbox 394 2402 570 2443; x_wconf 87' lang='lat' dir='ltr'>retroque</span> <span class='ocrx_word' id='word_1_241' title='bbox 599 2395 739 2444; x_wconf 89' lang='lat' dir='ltr'>pedem</span> <span class='ocrx_word' id='word_1_242' title='bbox 768 2406 857 2431; x_wconf 91' lang='lat' dir='ltr'>cum</span> <span class='ocrx_word' id='word_1_243' title='bbox 885 2406 978 2432; x_wconf 89' lang='lat' dir='ltr'>voce</span> <span class='ocrx_word' id='word_1_244' title='bbox 1005 2395 1190 2443; x_wconf 87' lang='lat' dir='ltr'>repressit.</span> 
     </span>
     <span class='ocr_line' id='line_1_40' title="bbox 157 2453 1193 2503; baseline 0.001 -13"><span class='ocrx_word' id='word_1_245' title='bbox 157 2453 414 2502; x_wconf 87' lang='lat' dir='ltr'>Improvisum</span> <span class='ocrx_word' id='word_1_246' title='bbox 443 2455 562 2503; x_wconf 87' lang='lat' dir='ltr'>aspris</span> <span class='ocrx_word' id='word_1_247' title='bbox 593 2454 705 2491; x_wconf 88' lang='lat' dir='ltr'>veluti</span> <span class='ocrx_word' id='word_1_248' title='bbox 736 2453 798 2502; x_wconf 89' lang='lat' dir='ltr'>qui</span> <span class='ocrx_word' id='word_1_249' title='bbox 828 2454 997 2491; x_wconf 84' lang='lat' dir='ltr'>sentibus</span> <span class='ocrx_word' id='word_1_250' title='bbox 1026 2465 1193 2503; x_wconf 87' lang='lat' dir='ltr'>anguem</span> 
     </span>
    </p>
   </div>
   <div class='ocr_carea' id='block_1_3' title="bbox 212 2535 862 2562">
    <p class='ocr_par' dir='ltr' id='par_1_3' title="bbox 212 2535 862 2562">
     <span class='ocr_line' id='line_1_41' title="bbox 212 2535 862 2562; baseline 0.003 -2"><span class='ocrx_word' id='word_1_251' title='bbox 212 2536 298 2562; x_wconf 83' lang='lat' dir='ltr'>VOL.</span> <span class='ocrx_word' id='word_1_252' title='bbox 327 2536 351 2562; x_wconf 78' lang='lat'>1.</span> <span class='ocrx_word' id='word_1_253' title='bbox 847 2535 862 2562; x_wconf 91' lang='lat'>1</span> 
     </span>
    </p>
   </div>
   <div class='ocr_carea' id='block_1_4' title="bbox 1461 97 1538 138">
    <p class='ocr_par' dir='ltr' id='par_1_4' title="bbox 1461 97 1538 138">
     <span class='ocr_line' id='line_1_42' title="bbox 1461 97 1538 138; baseline -0.013 -13"><span class='ocrx_word' id='word_1_254' title='bbox 1461 97 1538 138; x_wconf 83' lang='lat'>113</span> 
     </span>
    </p>
   </div>
   <div class='ocr_carea' id='block_1_5' title="bbox 1479 452 1538 483">
    <p class='ocr_par' dir='ltr' id='par_1_5' title="bbox 1479 452 1538 483">
     <span class='ocr_line' id='line_1_43' title="bbox 1479 452 1538 483; baseline 0 0"><span class='ocrx_word' id='word_1_255' title='bbox 1479 452 1538 483; x_wconf 60' lang='lat'>545</span> 
     </span>
    </p>
   </div>
   <div class='ocr_carea' id='block_1_6' title="bbox 1475 750 1539 780">
    <p class='ocr_par' dir='ltr' id='par_1_6' title="bbox 1475 750 1539 780">
     <span class='ocr_line' id='line_1_44' title="bbox 1475 750 1539 780; baseline 0 0"><span class='ocrx_word' id='word_1_256' title='bbox 1475 750 1539 780; x_wconf 79' lang='lat'>350</span> 
     </span>
    </p>
   </div>
   <div class='ocr_carea' id='block_1_7' title="bbox 1475 1046 1536 1079">
    <p class='ocr_par' dir='ltr' id='par_1_7' title="bbox 1475 1046 1536 1079">
     <span class='ocr_line' id='line_1_45' title="bbox 1475 1046 1536 1079; baseline 0 -1"><span class='ocrx_word' id='word_1_257' title='bbox 1475 1046 1536 1079; x_wconf 87' lang='grc'>355</span> 
     </span>
    </p>
   </div>
   <div class='ocr_carea' id='block_1_8' title="bbox 1473 1335 1537 1374">
    <p class='ocr_par' dir='ltr' id='par_1_8' title="bbox 1473 1335 1537 1374">
     <span class='ocr_line' id='line_1_46' title="bbox 1473 1335 1537 1374; baseline 0 -8"><span class='ocrx_word' id='word_1_258' title='bbox 1473 1335 1537 1374; x_wconf 79' lang='lat'>360</span> 
     </span>
    </p>
   </div>
   <div class='ocr_carea' id='block_1_9' title="bbox 1477 1630 1539 1671">
    <p class='ocr_par' dir='ltr' id='par_1_9' title="bbox 1477 1630 1539 1671">
     <span class='ocr_line' id='line_1_47' title="bbox 1477 1630 1539 1671; baseline 0.016 -1"><span class='ocrx_word' id='word_1_259' title='bbox 1477 1630 1539 1671; x_wconf 80' lang='lat'>365</span> 
     </span>
    </p>
   </div>
   <div class='ocr_carea' id='block_1_10' title="bbox 1480 1935 1542 1967">
    <p class='ocr_par' dir='ltr' id='par_1_10' title="bbox 1480 1935 1542 1967">
     <span class='ocr_line' id='line_1_48' title="bbox 1480 1935 1542 1967; baseline 0 0"><span class='ocrx_word' id='word_1_260' title='bbox 1480 1935 1542 1967; x_wconf 80' lang='lat'>370</span> 
     </span>
    </p>
   </div>
   <div class='ocr_carea' id='block_1_11' title="bbox 1477 2230 1536 2264">
    <p class='ocr_par' dir='ltr' id='par_1_11' title="bbox 1477 2230 1536 2264">
     <span class='ocr_line' id='line_1_49' title="bbox 1477 2230 1536 2264; baseline 0 -1"><span class='ocrx_word' id='word_1_261' title='bbox 1477 2230 1536 2264; x_wconf 81' lang='lat'>375</span> 
     </span>
    </p>
   </div>
  </div>
 </body>
</html>
