1669 2737
148 98 203 138 86
730 102 955 141 AENEIS.

145 215 209 252 Ad
239 227 355 265 quem
384 223 465 253 tum
494 216 594 253 Iuno
623 216 783 265 supplex
813 216 872 253 his
900 217 1059 255 vocibus
1089 228 1158 253 usa
1187 223 1270 253 est:

201 275 357 321 ‘Aeole,
387 287 555 324 namque
584 277 651 312 tibi
681 277 810 313 divum
840 276 951 313 Pater
980 284 1093 325 atque
1122 276 1322 312 hominum
1354 286 1420 311 rex

147 341 184 371 et
211 335 378 371 mulcere
407 335 511 372 dedit
541 335 674 372 fluetus
704 341 740 372 et
768 335 899 372 tollere
928 342 1052 381 vento,

146 405 242 442 gens
271 394 424 431 inimica
452 394 545 441 mihi
576 394 821 442 Tyrrhenum
850 395 1003 443 navigat
1033 407 1187 443 aequor,

146 453 258 497 Ilium
288 453 326 489 in
356 452 504 489 Italiam
534 460 689 501 portans
718 453 914 502 victosque
944 454 1131 491 Penates:

146 514 273 550 incute
303 513 379 548 vim
408 512 529 548 ventis
559 513 854 561 submersasque
884 514 1003 550 obrue
1033 524 1196 562 puppes,

147 579 211 609 aut
239 584 310 620 age
341 571 508 608 diversos
539 578 575 608 et
606 571 735 608 disiice
765 584 928 621 corpora
955 580 1088 622 ponto.

148 631 245 668 Sunt
273 630 365 667 mihi
394 631 452 666 bis
481 637 628 678 septem
656 631 863 678 praestanti
894 643 1055 680 corpore
1084 630 1300 680 Nymphae,

147 702 308 740 quarum
338 701 436 738 quae
467 689 590 726 forma
619 689 873 738 pulcherrima
901 690 1087 740 Deiopea,

148 750 315 787 conubio
344 749 500 797 iungam
531 749 652 785 stabili
681 749 954 798 propriamque
983 750 1133 794 dicabo,

147 821 284 846 omnes
312 815 353 845 ut
382 814 508 844 tecum
537 807 680 844 meritis
709 820 780 857 pro
809 808 947 845 talibus
976 820 1098 845 annos

147 870 275 917 exigat
304 875 341 905 et
369 866 526 916 pulchra
555 866 668 904 faciat
697 874 734 904 te
763 867 871 916 prole
899 866 1122 916 parentem.'

199 927 344 965 Aeolus
374 927 468 963 haec
499 933 654 963 contra:
696 926 839 972 ‘Tuus,
871 926 907 964 O
937 927 1080 975 regina,
1112 927 1204 976 quid
1232 933 1355 975 optes,

147 988 345 1036 explorare
374 985 506 1032 lab0r;
544 985 637 1022 mihi
666 986 770 1023 iussa
799 998 998 1034 capessere
1028 986 1084 1023 fas
1114 994 1182 1024 est.

148 1047 211 1084 Tu
240 1046 332 1082 mihi
362 1045 635 1094 quodcumque
665 1045 739 1082 hoc
768 1045 886 1093 regni,
917 1052 956 1082 tu
986 1053 1136 1094 sceptra
1165 1045 1376 1093 Iovemque

146 1106 339 1150 concilias,
369 1112 409 1141 tu
438 1105 506 1141 das
535 1105 657 1153 epulis
686 1106 914 1141 accumbere
945 1104 1086 1150 divum,

146 1168 442 1213 nimborumque
471 1164 564 1201 facis
593 1171 942 1213 tempestatumque
971 1163 1192 1213 potentem.'

200 1226 311 1262 Haec
340 1225 404 1261 ubi
434 1224 544 1268 dicta,
573 1235 711 1261 cavum
740 1235 927 1261 conversa
956 1224 1114 1272 cuspide
1143 1230 1317 1260 montem

145 1285 293 1334 impulit
321 1284 360 1321 in
389 1284 506 1321 latus:
547 1295 592 1320 ac
621 1283 722 1319 venti
751 1283 852 1320 velut
881 1283 1035 1332 agmine
1064 1282 1178 1326 facto,

146 1357 221 1394 qua
250 1344 338 1381 data
365 1351 488 1393 porta,
517 1348 630 1379 ruunt
661 1348 698 1379 et
727 1349 843 1380 terras
872 1342 1022 1379 turbine
1050 1341 1223 1390 perflant.

145 1404 358 1441 Incubuere
387 1403 492 1448 mari,
523 1409 722 1451 totumque
752 1415 775 1438 a
803 1401 957 1438 sedibus
987 1401 1073 1438 imis

144 1476 223 1501 una
252 1463 453 1512 Eurusque
484 1461 688 1510 Notusque
717 1468 829 1498 ruunt
859 1461 1066 1509 creberque
1095 1459 1273 1509 procellis

145 1523 309 1566 Africus,
340 1529 378 1558 et
407 1527 533 1558 vastos
561 1521 717 1557 volvunt
746 1522 795 1558 ad
824 1520 935 1558 litora
965 1520 1114 1557 fluctus.

146 1582 363 1630 Insequitur
392 1581 611 1629 clamorque
640 1580 762 1616 virum
791 1580 1003 1628 stridorque
1033 1578 1250 1616 rudentum.

145 1643 323 1692 Eripiunt
352 1642 478 1678 subito
509 1642 631 1678 nubes
659 1640 885 1689 caelumque
916 1640 1094 1688 diemque

146 1703 385 1740 Teucrorum
415 1713 462 1738 ex
493 1700 635 1745 oculis;
676 1707 797 1750 ponto
827 1711 906 1736 nox
936 1700 1093 1736 incubat
1122 1706 1212 1735 atra.

145 1763 353 1799 Intonuere
382 1761 461 1810 poli
491 1767 528 1797 et
558 1760 697 1797 crebris
728 1760 842 1797 micat
872 1759 1026 1807 ignibus
1057 1758 1200 1802 aether,

146 1828 465 1870 praesentemque
494 1820 581 1856 viris
611 1819 800 1855 intentant
830 1818 961 1855 omnia
991 1824 1167 1854 mortem.

146 1880 352 1929 Extemplo
383 1881 540 1916 Aeneae
569 1879 764 1916 solvuntur
793 1877 932 1925 frigore
961 1877 1155 1920 membra;

147 1940 317 1989 ingemit,
348 1946 385 1976 et
414 1939 586 1988 duplices
616 1938 777 1975 tendens
806 1936 855 1973 ad
885 1936 1008 1973 sidera
1037 1935 1185 1984 palmas

146 2000 235 2037 ‘talia
263 2011 356 2036 voce
385 1998 518 2035 refert:
559 1997 618 2035 ‘O
649 2004 780 2046 terque
810 2002 1019 2045 quaterque
1049 1994 1162 2038 beati,

148 2059 256 2109 queis
285 2066 371 2095 ante
402 2070 469 2095 ora
498 2064 649 2106 patrum
679 2056 820 2093 Troiae
851 2056 922 2092 sub
951 2054 1154 2091 moenibus
1185 2053 1267 2091 altis

149 2119 306 2167 contigit
336 2119 539 2167 oppetere!
579 2129 603 2154 o
632 2115 813 2153 Danaum
843 2114 1047 2151 fortissime
1077 2113 1202 2161 gentis

148 2178 312 2227 Tydide,
342 2189 455 2213 mene
484 2177 607 2214 Iliacis
636 2175 867 2213 occumbere
897 2173 1041 2221 campis

149 2249 228 2274 non
259 2238 428 2286 potuisse
459 2245 600 2284 tuaque
630 2235 798 2271 animam
828 2233 928 2270 hanc
957 2230 1152 2268 effundere
1183 2231 1326 2275 dextra,

149 2309 284 2334 saevus
313 2297 378 2333 ubi
408 2296 600 2333 Aeacidae
630 2294 706 2331 telo
735 2294 833 2330 iacet
861 2292 1020 2336 Hector,
1049 2290 1114 2327 ubi
1144 2291 1281 2338 ingens

152 2356 363 2404 Sarpedon,
394 2355 459 2392 ubi
487 2361 543 2391 tot
574 2354 712 2391 Simois
742 2358 915 2400 correpta
944 2351 1015 2387 sub
1043 2349 1155 2386 undis

152 2422 258 2452 scuta
286 2415 406 2451 virum
435 2413 639 2462 galeasque
670 2419 706 2449 et
735 2412 847 2448 fortia
876 2420 1037 2458 corpora
1065 2405 1233 2445 volvit?’

205 2474 316 2510 Talia
344 2472 496 2510 iactanti
526 2472 689 2509 stridens
719 2470 913 2519 Aquilone
943 2467 1111 2518 procella

1499 1168 1541 1198 So

1502 1771 1546 1804 90

1503 2066 1544 2099 95

1486 2361 1546 2385 100
