1669 2737
540 60 707 95 LIBER
736 59 809 96 IX.
842 52 1050 109 652—729.

164 170 323 210 Ductori
352 170 487 209 Turno
517 170 663 209 diversa
690 169 730 207 in
758 174 865 218 parte
894 167 1031 205 furenti

112 231 352 280 turbantique
381 230 478 268 viros
508 230 692 279 perfertur
721 228 886 272 nuntius,
915 226 1065 263 hostem

85 292 87 294 ’
113 289 254 327 fervere
282 289 400 328 caede
429 301 529 327 nova
558 295 594 326 et
622 294 752 338 portas
781 287 964 336 praebere
993 290 1180 334 patentes.

113 348 263 386 Deserit
291 349 487 398 inceptum
517 355 630 397 atque
659 347 817 384 immani
847 345 1018 383 concitus
1048 345 1102 380 ira

113 407 348 445 Dardaniam
375 409 448 445 mit
476 407 525 445 ad
553 413 702 456 portam
731 405 938 454 fratresque
969 404 1160 452 superbos.

113 466 165 504 Et
193 467 359 515 primum
387 466 621 515 Antiphaten
651 466 699 516 (is
728 465 831 502 enim
860 476 900 501 se
929 463 1072 513 primus
1101 459 1265 511 agebat),

116 525 305 563 Thebana
333 526 380 564 de
408 531 528 563 matre
557 523 720 562 nothum
751 522 984 572 Sarpedonis
1013 522 1085 568 alti,

116 585 291 622 coniecto
320 585 451 622 sternit
479 583 626 630 iaculo;
666 582 767 620 volat
796 581 890 619 Itala
919 593 1056 619 cornus

116 647 203 680 ae'ra
231 655 299 692 per
327 651 499 680 tenerum
529 641 806 690 stomachoque
835 641 950 677 infixa
980 642 1050 678 sub
1080 639 1196 678 altum

116 708 250 750 pectus
278 702 378 740 abit:
413 701 535 739 reddit
564 713 702 750 specus
731 701 800 738 atri
830 700 993 737 vulneris
1021 700 1167 736 undam

117 769 372 811 spumantem,
402 769 439 799 et
466 762 545 799 fixo
574 761 712 798 sermm
740 762 780 798 in
808 760 990 809 pulmone
1020 760 1187 809 tepescit.

1410 47 1489 99 269

1437 709 1497 742 700

118 820 222 858 Tum
249 821 452 870 Meropem
478 828 591 870 atque
613 819 821 868 Erymanta
846 832 974 864 manu,
996 826 1077 856 tum
1104 818 1235 855 sternit
1263 815 1498 865 Aphidnum,

118 887 200 918 tum
229 880 353 918 Bitian
382 880 577 918 ardentem
606 880 725 917 oculis
755 879 969 928 animisque
997 878 1222 915 frementem

119 951 199 977 non
227 939 350 977 iaculo
381 937 522 990 (neque
550 939 654 975 enim
683 938 806 975 iaculo
835 939 950 975 vitam
979 938 1038 974 ille
1068 934 1272 985 dedisset):

120 998 189 1036 sed
214 1010 400 1048 magnum
429 998 590 1036 stridens
620 1005 794 1035 contorta
823 997 974 1034 falarica
1001 996 1114 1041 venit,

120 1057 287 1096 fulminis
315 1065 401 1095 acta
427 1058 558 1102 modo,
588 1069 704 1106 quam
734 1068 805 1094 nec
835 1056 911 1093 duo
941 1063 1070 1093 taurea
1099 1062 1202 1104 terga

121 1130 194 1156 nec
222 1119 362 1168 duplici
391 1130 552 1168 squama
579 1118 696 1155 lorica
724 1117 845 1154 fidelis
874 1124 911 1154 et
939 1128 1031 1154 auro

121 1179 316 1225 sustinuit3
356 1178 523 1226 collapsa
551 1184 664 1214 ruunt
691 1177 873 1214 immania
900 1177 1082 1213 membra.

121 1237 199 1275 Dat
225 1238 333 1275 tellus
362 1239 557 1286 gemitum,
588 1244 624 1274 et
654 1237 818 1286 clipeum
849 1248 960 1285 super
988 1236 1136 1272 intonat
1165 1234 1310 1282 ingens.

123 1297 230 1334 Talis
257 1298 297 1334 in
324 1297 499 1335 Euboico
529 1296 707 1333 Baiarum
736 1296 844 1333 litore
874 1295 1071 1344 quondam

123 1368 238 1394 saxea
266 1355 342 1405 pila
371 1355 480 1402 cadit,
509 1356 659 1404 magnis
689 1367 803 1404 quam
833 1355 998 1391 molibus
1027 1360 1115 1390 ante

123 1422 378 1453 constructam
406 1423 528 1465 ponto
556 1415 719 1459 iaciunt;
759 1415 811 1451 sic
840 1414 902 1451 illa
930 1414 1078 1451 ruinam

123 1486 248 1523 prona
276 1475 389 1512 trahit
416 1475 644 1524 penitusque
672 1473 778 1511 vadis
807 1473 901 1510 illisa
931 1472 1138 1510 recumbit:

123 1534 285 1572 miscent
313 1546 354 1572 se
381 1534 512 1579 maria,
542 1541 578 1571 et
606 1533 737 1582 nigrae
766 1533 985 1570 attolluntur
1014 1531 1203 1575 harenae;

123 1599 206 1631 tum
234 1593 360 1631 sonitu
388 1593 577 1642 Prochyta
605 1592 679 1630 alta
707 1592 831 1629 tremit
861 1592 1073 1640 durumque
1103 1589 1224 1627 cubile

124 1652 290 1690 Inarime
320 1653 422 1690 Iovis
450 1653 616 1701 imperiis
646 1652 812 1701 imposta
840 1651 1042 1700 Typhoeo.

179 1712 256 1750 Hic
285 1712 392 1751 Mars
420 1713 652 1761 armipotens
681 1712 851 1749 animum
880 1711 1052 1759 viresque
1082 1708 1226 1746 Latinis

126 1771 269 1809 addidit
297 1779 334 1810 et
362 1771 535 1810 stimulos
563 1783 667 1808 acres
697 1771 768 1808 sub
797 1777 950 1820 pectore
980 1769 1087 1805 vertit

126 1832 357 1881 immisitque
385 1831 534 1881 Fugam
562 1830 724 1868 Teucris
753 1837 951 1878 atrumque
981 1827 1192 1864 Timorem.

127 1890 308 1941 Undique
336 1891 578 1936 conveniunt,
609 1890 792 1940 quoniam
822 1889 911 1927 data
939 1887 1050 1936 copia
1079 1895 1231 1935 pugnae

128 1951 360 2000 bellatorque
388 1950 518 1988 animo
547 1949 640 1988 deus
668 1948 810 1986 incidit.

129 2010 326 2048 Pandarus
354 2016 395 2047 ut
423 2010 508 2047 fuso
537 2020 764 2058 germanum
793 2018 952 2055 corpore
983 2004 1101 2042 cernit

129 2077 166 2108 et
194 2081 272 2118 quo
300 2069 346 2106 sit
373 2068 525 2106 fortuna
552 2068 651 2112 loco,
681 2067 745 2116 qui
775 2078 884 2103 casus
913 2070 1000 2113 agat
1028 2075 1100 2108 res,

129 2136 280 2179 portam
307 2130 344 2166 vi
371 2140 514 2177 magna
542 2138 726 2165 converso
755 2125 908 2163 cardine
937 2129 1097 2172 torquet,

130 2189 294 2228 obnixus
322 2188 407 2225 latis
435 2187 586 2232 umeris,
616 2186 830 2234 multosque
860 2195 1015 2221 suorum

131 2248 332 2286 moenibus
361 2246 536 2284 exclusos
565 2246 660 2283 duro
689 2246 728 2281 in
756 2243 960 2281 certamine
990 2241 1146 2290 linquit;

131 2315 190 2346 ast
219 2307 312 2344 alios
341 2318 472 2343 secum
499 2305 658 2342 includit
686 2303 893 2352 recipitque
921 2307 1083 2345 ruentes,

133 2367 303 2410 demens,
332 2365 398 2415 qui
426 2364 610 2402 Rutulum
639 2364 677 2400 in
705 2362 834 2399 medio
864 2372 944 2398 non
973 2360 1124 2409 agmine
1153 2369 1284 2407 regem

134 2426 263 2465 viderit
291 2425 563 2474 irrumpentem
592 2423 766 2471 ultroque
794 2419 984 2458 incluserit
1012 2419 1107 2464 urbi,

1441 1005 1497 1036 705

1444 1598 1502 1632 715

1447 1894 1508 1927 720
