1669 2737
573 87 740 123 LIBER
769 89 847 126 [Π.
880 95 1088 140 224-301.

139 207 210 234 nec
237 195 419 234 moritura
448 208 562 245 super
590 197 732 234 crudeli
763 197 894 236 funere
923 198 1040 248 virgo.

139 254 245 301 Quid
271 254 402 304 lynces
432 254 572 292 Bacchi
602 257 726 293 variae
757 264 792 294 et
822 269 945 306 genus
976 270 1062 295 acre
1091 258 1269 307 luporum

138 320 252 363 atque
281 315 446 352 canum?
504 315 594 363 quid
624 328 722 364 quae
751 316 922 354 imbelles
954 317 1045 354 dant
1075 318 1219 366 proelia
1249 318 1376 355 cervi?

139 371 289 410 Scilicet
318 379 406 410 ante
436 385 573 411 omnes
603 374 707 411 furor
735 382 791 412 est
820 375 978 424 insignis
1008 389 1214 425 equarum;

137 438 175 469 et
202 439 372 470 mentem
401 432 535 471 Venus
564 433 648 482 ipsa
678 434 792 480 dedit,
823 447 900 484 quo
931 443 1103 485 ternpore
1134 436 1271 473 Glauci

137 491 344 530 Potniades
373 492 483 530 malis
512 495 684 530 membra
712 495 960 544 absumpsere
991 497 1210 545 quadrigae.

137 551 226 589 Illas
255 551 359 589 ducit
386 563 494 589 amor
522 559 625 590 trans
655 553 827 602 Gargara
857 562 1037 603 transque
1067 562 1270 592 sonantem

136 610 369 656 Ascanium;
408 618 587 659 superant
617 620 769 649 montes
799 619 834 650 et
865 613 1025 650 flumina
1054 620 1216 651 tranant.

137 668 411 718 Continuoque
440 670 559 707 avidis
587 671 651 707 ubi
681 672 832 708 subdita
861 672 1018 709 flamma
1046 673 1236 718 medullis,

135 739 221 765 vere
250 728 384 777 magis,
415 729 504 778 quia
533 741 617 766 vere
646 730 749 767 calor
777 730 872 767 redit
900 731 1060 775 ossibus,
1092 732 1177 768 illae

135 798 202 825 ore
231 799 366 825 omnes
395 800 524 825 versae
553 789 592 825 in
622 788 840 838 Zephyrum
870 797 971 826 stant
1000 790 1155 839 rupibus
1185 790 1268 828 altis

136 854 416 896 exceptantque
445 847 545 885 leves
574 860 695 894 auras,
727 856 763 886 et
792 861 907 898 saepe
938 850 1019 887 sine
1049 849 1133 887 ullis

136 907 323 956 coniugiis
352 914 464 944 vento
494 907 683 956 gravidae,
713 908 883 945 mirabile
914 909 1027 954 dictu,

136 978 229 1003 saxa
257 979 326 1016 per
354 974 391 1004 et
419 967 601 1016 scopulos
630 973 667 1004 et
696 967 896 1016 depressas
926 969 1118 1007 convalles

136 1025 350 1074 diffugiunt,
379 1038 470 1071 non,
500 1026 612 1071 Eure,
643 1034 740 1071 tuos,
770 1039 896 1076 neque
928 1027 1024 1065 Solis
1054 1029 1103 1065 ad
1132 1036 1249 1073 ortua

134 1086 175 1122 in
204 1086 355 1123 Borean
384 1085 641 1135 Caurumque‚
671 1093 735 1123 aut
757 1087 861 1124 unde
890 1088 1118 1136 nigerrimus
1147 1090 1287 1126 Auster

135 1147 303 1184 nascitur
331 1153 368 1184 et
395 1146 522 1196 pluvio
553 1147 750 1183 contristat
779 1147 918 1196 frigore
949 1148 1109 1185 caelum.

136 1205 213 1243 Hic
242 1205 409 1251 demum,
439 1206 692 1255 hippomanes
721 1218 808 1243 vero
839 1206 944 1255 quod
973 1208 1290 1245 nomine'dicunt

135 1272 319 1314 pastores,
349 1265 494 1302 lentum
524 1265 687 1302 destillat
715 1266 764 1302 ab
792 1266 950 1314 inguine
980 1267 1090 1313 virus,

135 1324 400 1375 hippomanes,
430 1325 535 1375 quod
564 1337 678 1374 saepe
707 1325 830 1362 malae
860 1326 985 1374 legere
1016 1339 1203 1364 novercae

135 1387 443 1435 miscueruntque
472 1386 609 1422 herbas
639 1392 674 1422 et
703 1398 782 1422 non
812 1386 969 1423 innoxia
998 1388 1122 1424 verba.

192 1445 269 1483 Sed
297 1446 392 1495 fugit
420 1446 574 1490 interea,
604 1445 698 1492 fugit
726 1445 965 1494 irreparabile
995 1452 1158 1495 tempus,

136 1504 286 1554 singula
315 1505 406 1542 dum
436 1505 537 1554 capti
567 1506 908 1542 circumvectamur
936 1518 1078 1543 amore.

137 1564 228 1602 Hoc
258 1565 348 1602 satis
376 1564 582 1602 armentis:
623 1571 778 1613 superat
805 1577 892 1613 pars
922 1565 1039 1602 altera
1069 1578 1191 1612 curae,

135 1624 328 1673 lanigeros
357 1624 499 1673 agitare
528 1636 664 1672 greges
693 1624 885 1673 hirtasque
916 1624 1092 1673 capellas.

137 1683 215 1721 Hic
242 1683 361 1729 labor,
392 1683 481 1721 hine
512 1683 665 1720 laudem
694 1682 811 1720 fortes
841 1690 989 1732 sperate
1019 1684 1159 1721 coloni.

137 1741 222 1780 Nec
250 1754 335 1779 sum
363 1742 481 1779 animi
510 1742 659 1784 dubius.
689 1743 811 1779 verbis
842 1754 887 1779 ea
915 1743 1065 1780 vincere
1094 1755 1279 1791 magnum

137 1814 254 1851 quam
282 1802 330 1839 sit
358 1809 395 1840 et
423 1802 595 1851 angustis
624 1802 726 1839 hunc
756 1802 895 1839 addere
923 1803 1037 1840 rebus
1066 1802 1279 1849 honorem3

137 1863 206 1900 sed
232 1874 296 1900 me
326 1862 483 1900 Parnasi
513 1862 662 1900 deserta
689 1874 758 1911 per
786 1862 905 1899 ardua
934 1862 1053 1900 dulcis

136 1927 260 1970 raptat
288 1934 418 1968 amor;
458 1922 558 1958 iuvat
585 1922 640 1958 ire
669 1922 779 1970 iugis,
810 1934 886 1970 qua
914 1922 1016 1959 nulla
1044 1922 1214 1971 priorum

138 1979 345 2018 Castaliam
374 1980 480 2017 molli
508 1980 711 2017 devertitur
740 1981 863 2017 orbita
892 1981 999 2018 clivo.

138 2039 264 2086 Nunc,
294 2041 513 2078 veneranda
543 2040 662 2086 Pales,
692 2053 836 2089 magno
865 2053 968 2078 nunc
998 2053 1063 2078 ore
1094 2041 1323 2079 sonandum.

192 2099 389 2150 Incipiens
419 2100 575 2138 stabulis
604 2100 715 2138 edico
744 2100 784 2136 in
813 2100 994 2137 mollibus
1024 2100 1182 2138 herbam

138 2171 294 2209 carpere
323 2172 426 2205 oves,
457 2160 551 2197 dum
579 2171 672 2196 mox
702 2159 885 2196 frondosa
914 2159 1104 2196 reducitur
1133 2166 1270 2207 aestas,

139 2226 177 2258 et
205 2219 324 2257 multa
352 2220 488 2257 duram
518 2219 656 2268 stipula
685 2219 904 2267 filicumque
932 2219 1111 2268 maniplis

139 2285 306 2317 sternere
336 2279 465 2316 subter
493 2277 666 2323 humum,
696 2278 838 2327 glacies
868 2290 916 2314 ne
946 2277 1082 2326 frigida
1110 2278 1235 2316 laedat

139 2338 253 2376 molle
281 2350 412 2387 pecus,
442 2337 688 2386 scabiemque
718 2336 810 2374 ferat
840 2343 1045 2386 turpesque
1075 2337 1279 2387 podagras.

139 2397 234 2435 Post
259 2396 351 2434 hinc
381 2397 574 2446 digressus
603 2396 717 2433 iubeo
747 2395 964 2432 frondentia
993 2397 1118 2445 capris

138 2458 272 2494 arbuta
300 2455 472 2494 sufficere
501 2462 538 2493 et
565 2455 702 2494 fluvios
730 2456 913 2505 praebere
942 2462 1125 2502 recentes,

1473 87 1523 126 61

1460 1214 1521 1243 280

1462 1818 1524 1848 200
