1669 2737
129 65 208 107 192
706 58 931 95 AENEJS.

125 170 231 201 turea
260 163 372 209 dona,
404 164 533 213 dapes,
566 163 651 201 fuso
682 170 843 201 crateres
873 164 984 202 olivo.

127 223 338 272 Postquam
370 224 525 272 collapsi
555 224 701 260 cineres
731 230 768 261 et
796 224 952 261 flamma
981 224 1133 273 quievit,

127 283 303 331 reliquias
332 283 420 318 vino
450 288 488 318 et
516 281 687 318 bibulam
717 282 839 319 lavere
869 282 1044 327 favillam,

128 353 293 390 ossaque
321 341 419 378 lecta
448 341 547 378 cado
576 341 669 377 texit
699 340 923 390 Corynaeus
953 347 1064 379 ae'no.

129 401 239 439 Idem
268 407 323 438 ter
352 400 477 438 socios
507 412 600 449 pura
629 400 856 438 circumtulit
884 402 987 439 unda

130 473 316 512 spargens
345 473 430 498 rore
460 461 529 497 levi
559 467 596 496 et
625 472 732 497 ramo
762 460 881 499 felicis
911 462 1043 506 olivae,

130 520 374 569 lustravitque
404 519 503 556 viros
534 519 703 569 dixitque
733 521 940 558 novissima
968 522 1092 559 verba.

131 582 182 618 At
210 581 295 629 pius
325 580 478 616 Aeneas
510 579 653 627 ingenti
683 580 784 616 mole
815 581 1030 629 sepulcrum

131 640 294 689 imponit
323 651 466 688 suaque
495 651 601 675 arma
630 639 709 676 viro
739 652 965 689 remumque
995 641 1203 690 tubamque

131 706 265 737 monte
294 700 364 736 sub
395 699 508 742 aerio,
540 699 604 747 qui
635 711 738 736 nunc
769 698 944 737 Misenus
973 701 1021 737 ab
1051 700 1115 737 illo

133 759 267 797 dicitur
296 766 571 806 aeternumque
601 764 704 795 tenet
732 770 800 807 per
828 759 980 796 saecula
1009 771 1164 796 nomen.

188 818 262 855 His
291 818 383 855 actis
412 829 573 866 propere
601 819 822 867 exsequitur
850 826 1053 867 praecepta
1083 818 1254 867 Sibyllae.

136 878 326 927 Spelunca
355 877 428 914 alta
458 876 527 914 fuit
557 885 740 926 vastoque
770 878 949 914 immanis
977 877 1093 922 hiatu,

135 950 303 986 scrupea,
334 945 412 974 tuta
441 937 525 974 lacu
555 938 664 985 nigro
695 949 974 986 nemorumque
1005 938 1181 980 tenebris,

135 1010 251 1047 quam
281 1009 392 1046 super
420 997 522 1033 haud
552 997 648 1034 ullae
678 1003 855 1045 poterant
882 997 1039 1045 impune
1068 996 1238 1033 volantes

135 1059 289 1095 tendere
319 1058 386 1094 iter
415 1057 573 1106 pennis;
612 1056 696 1093 talis
725 1067 808 1092 sese
837 1055 976 1092 halitus
1007 1056 1096 1093 atris

136 1117 308 1154 faucibus
337 1116 539 1153 effundens
567 1128 703 1164 supera
733 1115 781 1152 ad
811 1127 986 1152 convexa
1014 1115 1183 1152 ferebat:

138 1174 257 1229 [unde
286 1175 414 1212 locum
445 1174 549 1212 Graii
580 1175 756 1212 dixerunt
784 1174 940 1211 nomine
970 1171 1162 1225 Aornon.]

138 1235 327 1282 Quattuor
356 1234 416 1271 hic
446 1234 612 1283 primum
641 1234 835 1282 nigrantes
863 1240 969 1282 terga
997 1234 1179 1271 iuvencos

139 1294 331 1333 constituit
360 1293 551 1342 frontique
581 1294 740 1342 invergit
769 1293 856 1330 vina
886 1293 1078 1337 sacerdos,

140 1363 176 1395 et
204 1367 374 1393 summas
403 1366 565 1403 carpens
594 1354 721 1390 media
751 1355 846 1391 inter
876 1366 1021 1392 cornua
1051 1360 1174 1391 saetas

139 1416 292 1465 ignibus
320 1414 483 1462 imponit
512 1414 638 1458 sacris,
669 1413 851 1451 libamina
880 1415 1013 1463 prima,

140 1487 235 1511 voce
263 1485 405 1510 vocans
436 1472 612 1510 Hecaten
641 1473 824 1522 caeloque
855 1473 1062 1522 Ereboque
1092 1479 1306 1522 potentem.

143 1534 374 1582 Supponunt
402 1532 463 1568 alii
492 1532 632 1569 cultros
662 1533 909 1582 tepidumque
939 1544 1113 1570 cruorem

143 1592 355 1640 succipiunt
385 1591 534 1639 pateris.
592 1591 680 1640 Ipse
710 1593 779 1628 atri
808 1593 954 1629 velleris
983 1604 1123 1641 agnam

144 1652 295 1689 Aeneas
323 1651 431 1687 matri
460 1651 717 1688 Eumenidum
747 1664 988 1701 magnaeque
1019 1652 1138 1688 sorori

144 1723 236 1749 ense
265 1709 347 1746 ferit
377 1709 617 1759 sterilemque
647 1710 725 1756 tibi,
756 1709 995 1760 Proserpina,
1024 1722 1189 1747 vaccam.

145 1771 250 1808 Tum
281 1769 412 1819 Stygio
441 1770 521 1817 regi
550 1775 754 1806 nocturnas
782 1769 936 1807 incohat
966 1781 1049 1807 aras

147 1837 183 1867 et
212 1829 333 1866 solida
361 1829 524 1877 imponit
553 1836 748 1865 taurorum
776 1829 918 1866 viscera
948 1829 1122 1873 flammis,

145 1888 289 1935 pingue
319 1901 433 1938 super
462 1889 591 1926 oleum
620 1888 784 1925 fundens
813 1887 1033 1924 ardentibus
1063 1886 1169 1923 extis.

146 1947 251 1984 Ecce
279 1952 407 1983 autem
436 1945 545 1994 primi
575 1945 644 1982 sub
672 1945 818 1982 lumina
846 1946 936 1983 solis
965 1953 1001 1983 et
1030 1953 1133 1983 ortus

147 2007 218 2044 sub
248 2005 410 2055 pedibus
438 2004 586 2054 mugire
615 2004 739 2041 solum
769 2012 806 2042 et
835 2005 923 2054 iuga
952 2012 1090 2054 coepta
1118 2006 1261 2042 moveri

148 2065 326 2102 silvarum
354 2064 534 2113 visaeque
563 2076 678 2101 canes
707 2064 849 2102 ululare
879 2077 947 2114 per
974 2065 1148 2101 umbram

148 2124 377 2161 adventante
407 2123 487 2160 dea.
545 2123 705 2161 ‘Procul
734 2135 758 2160 o
788 2124 919 2172 procul
948 2131 1038 2168 este,
1067 2123 1239 2173 profani'

149 2182 362 2222 conclamat
390 2188 505 2226 vates,
537 2186 714 2230 ‘totoque
744 2183 912 2220 absistite
941 2183 1052 2227 luco;

149 2250 265 2291 tuque
295 2241 430 2278 invade
458 2242 557 2278 viam
586 2243 800 2291 vaginaque
830 2242 933 2291 eripe
962 2241 1125 2279 sermm:

149 2313 251 2338 nunc
280 2301 416 2337 animis
446 2313 554 2349 opus,
583 2301 727 2346 Aenea,
759 2313 861 2339 nunc
892 2308 1045 2350 pectore
1074 2301 1208 2338 firmo.'

150 2360 322 2398 Tantum
351 2359 466 2398 effata
494 2359 621 2397 furens
651 2366 760 2397 antro
789 2372 829 2397 se
859 2360 1011 2397 immisit
1041 2367 1172 2409 aperto
1188 2373 1199 2407 ς

657 2443 729 2476 254.
754 2434 847 2467 MSS.
865 2444 1031 2477 superque.

1455 178 1514 209 225

1457 474 1521 505 230

1461 1068 1522 1099 240

1472 1961 1530 1992 ²55

1474 2247 1536 2278 260
