1669 2737
140 64 217 105 118
718 70 943 105 AENEIS.

138 180 186 226 di,
216 180 247 217 si
276 191 352 228 qua
381 186 438 217 est
467 179 574 217 caelo
603 179 738 228 pietas,
769 192 868 229 quae
897 180 986 217 talia
1015 185 1132 225 curet,

138 239 354 287 persolvant
383 245 508 287 grates
539 238 675 287 dignas
704 245 740 276 et
769 239 941 288 praemia
970 239 1136 276 reddant

139 297 275 342 debita,
306 298 371 347 qui
399 298 477 334 nati
507 309 635 335 coram
665 311 727 336 me
756 311 912 336 cernere
942 298 1059 335 letum

140 356 258 394 fecisti
287 364 324 394 et
352 357 495 406 patrios
524 356 687 395 foedasti
716 357 850 394 funere
879 357 1017 394 vultus.

139 417 190 453 At
219 428 298 453 non
328 416 397 461 ille,
429 422 555 454 saturn
584 429 661 465 quo
691 422 727 453 te
756 416 936 461 mentiris,
968 415 1137 453 Achilles

139 475 222 512 talis
252 476 290 511 in
320 475 429 512 hoste
460 475 526 512 fuit
557 475 729 520 Priamo;
769 475 837 513 sed
866 476 945 513 iura
975 476 1167 524 fidemque

140 535 322 583 supplicis
352 535 510 579 erubuit,
541 547 758 584 corpusque
788 546 984 583 exsangue
1014 535 1188 583 sepulcro

140 594 300 631 reddidit
330 593 577 639 Hectoreum,
608 606 749 643 meque
777 594 817 630 in
845 606 931 631 mea
960 606 1079 642 regna
1109 593 1286 631 remisit.’'

142 654 203 691 Sic
232 653 333 691 fatus
363 653 500 698 senior,
531 653 726 702 telumque
755 653 906 690 imbelle
935 654 1016 691 sine
1045 654 1122 691 ictu

140 713 313 757 coniecit,
343 724 459 749 rauco
490 712 594 761 quod
623 713 796 761 protinus
827 725 913 749 aere
943 712 1148 761 repulsum,

141 779 176 809 et
205 784 358 810 summo
388 772 499 820 clipei
529 771 765 820 nequiquam
793 772 964 808 umbone
993 771 1187 819 pependit.

143 831 213 869 Cui
244 831 410 881 Pyrrhus
440 834 460 850 “
478 830 635 867 Referes
665 842 758 879 ergo
787 830 883 867 haec
912 837 949 867 et
978 831 1132 867 nuntius
1162 830 1233 867 ibis

141 891 294 928 Pelidae
323 890 495 940 genitori.
553 889 609 926 Illi
638 902 725 926 mea
753 890 871 927 tristia
899 889 998 927 facta

142 951 450 999 degeneremque
480 948 783 998 Neoptolemum
813 962 966 987 narrare
995 956 1218 987 memento:

141 1022 244 1046 nunc
273 1006 456 1046 morere.”
514 1008 604 1046 Hoc
635 1009 767 1046 dicens
797 1009 926 1045 altaria
955 1008 1002 1045 ad
1032 1010 1116 1058 ipsa
1145 1014 1371 1046 trementem

142 1069 253 1106 traxit
281 1075 317 1105 et
345 1069 385 1105 in
412 1068 533 1105 multo
562 1068 777 1116 lapsantem
807 1068 994 1117 sanguine
1023 1068 1110 1113 nati,

142 1128 402 1177 implicuitque
430 1140 543 1165 coma
572 1127 727 1172 laevam,
759 1127 966 1175 dextraque
996 1138 1197 1164 coruscum

143 1188 274 1225 extulit
303 1199 348 1224 ac
376 1187 481 1224 lateri
510 1187 647 1236 capulo
677 1193 788 1224 tenus
816 1186 960 1224 abdidit
989 1198 1133 1223 ensem.

145 1247 255 1284 Haec
285 1247 370 1283 finis
400 1246 537 1282 Priami
567 1245 757 1293 fatorum3
796 1245 857 1283 hic
887 1246 1008 1282 exitus
1038 1245 1143 1282 illum

144 1313 245 1345 sorte
274 1306 365 1351 tulit,
396 1305 553 1342 Troiam
583 1305 780 1344 incensam
809 1312 846 1343 et
874 1306 1054 1354 prolapsa
1083 1305 1275 1342 videntem

144 1366 342 1414 Pergama,
372 1371 429 1402 tot
457 1365 656 1414 quondam
684 1365 837 1414 populis
866 1365 1049 1414 terrisque
1078 1365 1284 1412 superbum

145 1432 387 1474 regnatorem
418 1425 543 1461 Asiae.
601 1424 705 1461 Iacet
734 1425 870 1473 ingens
898 1424 1004 1461 litore
1033 1430 1190 1475 truncus

145 1484 393 1532 avulsumque
424 1483 563 1520 umeris
594 1490 709 1532 caput
738 1491 774 1521 et
804 1484 885 1520 sine
914 1484 1073 1521 nomine
1103 1494 1253 1531 corpus.

199 1544 273 1580 ‘At
301 1555 363 1580 me
392 1550 473 1580 tum
502 1544 667 1592 primurn
697 1556 831 1581 saevus
862 1543 1106 1581 circumstetit
1135 1542 1282 1579 horror.

146 1603 358 1652 Obstupui3
398 1603 512 1640 subiit
540 1603 617 1640 cari
644 1603 825 1651 genitoris
854 1603 996 1651 imago,

145 1670 186 1701 ut
213 1675 343 1712 regem
373 1674 607 1711 aequaevum
636 1662 778 1699 crudeli
806 1662 960 1699 vulnere
989 1661 1065 1698 vidi

146 1723 260 1760 vitam
289 1721 556 1767 exhalantem;
596 1721 710 1758 subiit
738 1721 887 1758 deserta
917 1720 1063 1758 Creusa

147 1788 184 1819 et
211 1782 357 1830 direpta
386 1780 525 1817 domus
555 1786 592 1816 et
620 1780 724 1828 parvi
753 1791 863 1816 casus
892 1779 974 1816 Iuli.

147 1840 328 1890 Respicio
357 1847 404 1884 et,
435 1851 533 1889 quae
563 1840 609 1877 sit
636 1851 699 1876 me
729 1839 870 1876 circum
901 1839 1024 1887 copia,
1054 1838 1183 1877 lustro.

147 1899 360 1937 Deseruere
388 1910 525 1936 omnes
555 1898 704 1943 defessi,
735 1905 771 1935 et
800 1910 962 1946 corpora
991 1898 1088 1935 saltu

147 1959 196 1996 ad
223 1965 361 1996 terram
390 1958 528 1995 misere
558 1964 622 1995 aut
651 1958 802 2006 ignibus
832 1969 948 2006 aegra
977 1957 1127 1994 dedere.

148 2018 308 2067 Iamque
340 2017 438 2055 adeo
468 2030 581 2066 super
608 2029 708 2054 unus
736 2029 852 2062 eram,
882 2028 970 2053 cum
1000 2016 1130 2052 limina
1158 2015 1301 2053 Vestae

148 2085 360 2115 servantem
389 2083 427 2114 et
454 2078 608 2114 tacitam
636 2082 781 2114 secreta
809 2076 848 2112 in
877 2075 967 2112 sede
995 2075 1175 2112 latentem

147 2136 371 2185 Tyndarida
399 2136 566 2185 aspicio;
607 2136 700 2172 dant
728 2135 869 2172 claram
898 2133 1075 2171 incendia
1103 2133 1230 2170 lucem

148 2196 283 2232 erranti
312 2196 533 2245 passimque
561 2195 694 2232 oculos
723 2206 791 2243 per
819 2200 956 2231 cuneta
984 2193 1127 2230 ferenti.

148 2254 218 2292 Illa
246 2256 315 2292 sibi
345 2255 504 2292 infestos
533 2267 665 2292 eversa
693 2255 745 2291 ob
775 2253 962 2302 Pergama
991 2252 1167 2289 Teucros

148 2321 186 2351 et
213 2326 361 2363 poenas
390 2314 569 2352 Danaum
597 2321 635 2351 et
663 2314 799 2351 deserti
828 2312 1001 2361 coniugis
1028 2312 1102 2349 iras

148 2380 427 2422 praemetuens,
459 2373 602 2410 Troiae
630 2380 667 2411 et
695 2372 838 2421 patriae
867 2371 1084 2409 communis
1114 2368 1263 2420 Erinys,

149 2432 346 2470 abdiderat
373 2444 457 2471 sese
485 2440 599 2482 atque
628 2433 701 2470 aris
730 2432 850 2469 invisa
879 2430 1046 2468 sedebat.

1466 429 1531 463 540

1469 1022 1532 1054 550

1471 1605 1535 1646 560
