1669 2737
539 87 706 121 LIBER
742 87 805 122 VI.
839 81 1006 135 614-69
1016 94 1049 122 1.

111 206 179 243 per
207 206 385 244 campum
415 201 623 244 pascuntur
651 195 748 244 equi.
808 194 919 241 Quae
949 194 1071 243 gratia
1101 206 1252 231 currum

110 264 381 302 armorumque
410 254 478 291 fuit
506 255 608 298 vivis,
638 266 736 301 quae
766 266 856 291 cura
886 254 1050 290 nitentes

109 323 266 359 pascere
295 324 429 361 equos,
460 313 594 350 eadem
624 313 791 361 sequitur
820 312 948 348 tellure
977 318 1162 360 repostos.

109 368 307 418 Conspicit
336 383 426 407 ecce
456 372 550 408 alios
578 372 711 408 dextra
741 372 921 420 laevaque
952 383 1019 419 per
1048 371 1209 407 herbam

108 436 305 466 vescentes
334 429 552 479 laetumque
581 430 700 468 choro
729 443 879 479 paeana
908 436 1090 467 canentes

107 487 204 525 inter
232 488 436 526 odoratum
466 489 559 526 lauri
587 502 734 534 nemus,
765 489 867 526 unde
897 501 1062 538 superne

107 547 292 595 plurimus
320 547 478 585 Eridani
507 561 576 597 per
604 549 735 585 silvam
765 548 925 585 volvitur
954 549 1119 595 amnis]

108 605 185 643 Hic
214 618 352 644 manus
382 608 433 644 ob
462 609 622 656 patriam
651 608 861 656 pugnando
891 608 1046 644 vulnera
1075 608 1190 656 passi,

106 665 247 714 quique
277 666 494 704 sacerdotes
523 667 626 709 casti,
657 667 748 703 dum
778 667 852 704 vita
880 668 1071 712 manebat,

105 724 247 773 quique
275 725 327 773 pii
354 732 457 763 vates
486 732 523 762 et
551 725 710 763 Phoebo
741 726 857 774 digna
886 726 1013 771 locuti,

104 782 276 820 inventas
305 791 368 821 aut
396 785 461 833 qui
489 785 604 821 vitam
634 785 833 822 excoluere
863 797 930 834 per
958 792 1067 828 artes,

105 843 246 890 quique
276 843 333 879 sui
362 855 552 881 memores
581 844 728 893 aliquos
758 844 881 881 secere
911 845 1122 882 merendo:

105 902 284 939 omnibus
313 902 370 939 his
400 904 509 940 nivea
537 904 742 952 cinguntur
771 911 945 952 tempora
974 904 1074 940 vitta.

106 959 216 1005 Quos
246 961 496 1000 circumfusos
526 964 579 1000 sic
608 970 666 999 est
695 963 808 1000 affata
839 963 990 1011 Sibylla,

103 1019 309 1057 Musaeum
338 1028 426 1058 ante
455 1033 593 1058 omnes
623 1022 807 1071 (medium
838 1035 927 1058 nam
957 1022 1120 1071 plurima
1150 1024 1257 1060 turba

102 1079 206 1116 hunc
234 1079 348 1117 habet
377 1088 490 1129 atque
520 1081 659 1117 umeris
689 1088 903 1118 exstantem
933 1082 1090 1130 suspicit
1120 1082 1246 1132 altis):

104 1137 263 1183 ‘Dicite‚
293 1139 419 1176 felices
449 1141 599 1177 animae
628 1149 756 1189 tuque,
787 1141 931 1189 optime
960 1150 1075 1185 vates,

103 1209 200 1247 quae
228 1199 333 1246 regio
362 1199 570 1244 Anchisen,
601 1200 684 1248 quis
713 1199 827 1236 habet
856 1200 989 1236 locus?
1029 1200 1133 1236 Illius
1162 1212 1255 1249 ergo

102 1258 275 1295 venimus
304 1264 341 1295 et
369 1270 534 1306 magnos
564 1258 678 1296 Erebi
708 1260 943 1295 tranavimus
972 1257 1130 1297 amnes.'

101 1316 231 1365 Atque
259 1316 320 1354 hic
349 1329 579 1365 responsum
607 1318 740 1366 paucis
770 1318 819 1354 ita
849 1318 1010 1355 reddidit
1039 1318 1177 1357 heros:

103 1375 229 1412 ‘Nulli
258 1383 360 1413 certa
389 1376 548 1421 domus;
589 1376 683 1413 lucis
713 1375 928 1414 habitamus
957 1379 1093 1425 opacis

101 1435 345 1485 riparumque
374 1442 479 1473 toros
509 1443 545 1473 et
575 1443 683 1484 prata
712 1436 878 1473 recentia
906 1436 993 1473 rivis

101 1494 314 1532 incolimus.
374 1494 450 1531 Sed
479 1507 559 1540 vos,
590 1496 620 1532 si
650 1495 720 1532 fert
748 1495 799 1532 ita
827 1496 943 1532 corde
973 1496 1157 1541 voluntas,

101 1554 175 1590 hoc
205 1561 379 1602 superate
405 1554 549 1602 iugum,
580 1561 617 1591 et
646 1554 743 1591 facili
772 1555 848 1591 iam
877 1556 1025 1592 tramite
1056 1556 1214 1593 sistam.’

100 1612 206 1650 Dixit
234 1622 272 1650 et
299 1621 386 1651 ante
414 1613 498 1650 tulit
526 1626 700 1662 gressum
729 1626 964 1662 camposque
994 1615 1157 1652 nitentes

101 1673 264 1721 desuper
292 1680 481 1719 ostentat3
521 1673 659 1710 dehinc
690 1685 842 1710 summa
872 1675 1073 1711 cacumina
1102 1675 1291 1724 linquunt.

154 1733 206 1769 At
235 1739 341 1781 pater
369 1732 558 1770 Anchises
587 1733 740 1781 penitus
769 1733 944 1770 convalle
974 1734 1106 1770 virenti

99 1792 263 1829 inclusas
292 1792 439 1829 animas
468 1804 726 1842 superumque
756 1792 805 1829 ad
833 1792 964 1829 lumen
993 1793 1108 1831 ituras

100 1852 279 1889 lustrabat
308 1852 434 1889 studio
462 1852 648 1896 recolens,
679 1864 915 1902 omnemque
946 1865 1103 1890 suorum

100 1911 195 1948 forte
223 1911 447 1948 recensebat
475 1923 680 1948 numerum
710 1923 897 1960 carosque
927 1919 1089 1960 nepotes

100 1969 251 2019 fataque
280 1969 528 2019 fortunasque
557 1970 676 2007 virum
705 1982 910 2019 moresque
939 1983 1165 2019 manusque.

102 2028 217 2078 Isque
245 2028 309 2065 ubi
337 2029 559 2069 tendentem
589 2028 791 2065 adversum
820 2041 888 2077 per
918 2030 1092 2076 gramina
1121 2029 1214 2068 vidit

101 2091 273 2133 Aenean,
303 2087 436 2124 alacris
464 2088 612 2136 palmas
641 2095 819 2136 utrasque
849 2088 1018 2132 tetendit,

100 2147 321 2195 effusaeque
350 2147 460 2195 genis
489 2147 667 2184 lacrimae
697 2154 734 2184 et
763 2159 837 2183 vox
867 2148 1005 2184 excidit
1035 2159 1127 2186 ore:

102 2206 272 2243 ‘Venisti
301 2206 470 2251 tandem,
500 2214 642 2254 tuaque
672 2213 893 2254 exspectata
923 2207 1071 2254 parenti

100 2266 188 2303 vicit
216 2265 282 2302 iter
311 2265 447 2301 durum
475 2265 624 2313 pietas?
663 2264 773 2301 datur
802 2276 869 2301 ora
898 2266 1005 2309 tueri,

101 2332 200 2371 nate,
228 2332 293 2363 tua
321 2331 358 2362 et
387 2332 499 2362 notas
527 2325 655 2362 audire
685 2332 722 2361 et
750 2325 908 2361 reddere
937 2327 1079 2363 voces?

102 2385 164 2423 Sic
193 2384 370 2434 equidem
400 2384 588 2421 ducebam
612 2384 741 2420 animo
771 2384 958 2432 rebarque
988 2384 1153 2422 futurum

100 2452 273 2494 tempora
302 2443 557 2489 dinumerans,
587 2455 657 2481 nec
687 2454 749 2480 me
778 2454 866 2480 mea
895 2455 984 2481 cura
1013 2443 1152 2482 fefellit.

1360 130 1362 132 ,
1417 92 1497 133 203

1433 614 1495 645 660

1431 909 1491 949 665

1428 1801 1491 1832 680

1427 2096 1490 2136 685

1426 2391 1488 2431 690
