1669 2737
172 73 251 102 110
756 69 985 106 AENEJS.

167 184 296 213 taurus
325 183 361 213 et
387 176 570 213 incertam
599 176 764 214 excussit
795 178 941 215 cervice
971 180 1144 217 securim.

167 237 218 272 At
246 235 390 283 gemini
418 234 527 284 lapsu
557 234 715 272 delubra
744 236 793 273 ad
823 249 974 274 summa
1003 238 1190 277 dracones

167 294 353 343 effugiunt
383 306 594 343 saevaeque
623 302 758 343 petunt
787 295 998 334 Tritonidis
1028 310 1168 342 arcem,

167 355 238 390 sub
268 353 505 402 pedibusque
535 353 629 390 deae
658 354 845 403 clipeique
876 356 947 392 sub
976 357 1070 394 orbe
1099 363 1291 405 teguntur.

168 414 272 451 Tum
302 425 391 450 vero
420 412 639 450 tremefacta
667 426 790 452 novus
819 427 888 463 per
917 423 1075 464 pectora
1105 416 1253 454 cunctis

167 474 332 510 insinuat
360 485 488 522 pavor,
517 481 555 509 et
585 473 708 510 scelus
738 474 972 523 expendisse
1003 481 1214 512 merentem

167 533 393 570 Laocoonta
422 532 556 578 ferunt,
587 544 738 570 sacrum
768 534 832 583 qui
862 534 1020 582 cuspide
1050 535 1166 572 robur

167 593 315 630 laeserit
343 600 380 629 et
409 599 517 641 tergo
547 592 768 630 sceleratam
797 594 987 631 intorserit
1016 594 1178 631 hastam.

167 651 399 689 Ducendum
429 651 478 688 ad
507 652 617 690 sedes
646 653 891 691 simulacrum
921 654 1146 704 orandaque
1178 653 1286 692 divae

166 713 326 748 numina
354 712 607 750 conclamant.

166 772 380 809 Dividimus
410 784 540 809 muros
570 779 607 810 et
635 774 787 810 moenia
817 774 1021 822 pandimus
1051 774 1166 811 urbis.

166 833 386 880 Accingunt
415 843 551 868 omnes
580 833 699 882 operi,
729 833 968 881 pedibusque
997 841 1166 871 rotarum

168 893 370 929 subiiciunt
398 892 536 941 lapsus,
567 899 604 929 et
633 899 796 942 stuppea
825 892 974 930 vincula
1003 893 1104 930 collo

166 952 378 989 intendunt.
439 951 594 988 Scandit
623 952 745 989 fatalis
774 952 953 989 machina
981 964 1112 990 muros

167 1013 243 1050 seta
271 1013 395 1049 armis.
452 1012 564 1049 Pueri
594 1012 736 1049 circum
766 1012 1025 1061 innuptaeque
1054 1013 1204 1061 puellae

167 1084 275 1110 sacra
303 1079 447 1109 canunt
475 1071 683 1120 funemque
712 1083 829 1108 manu
860 1072 1079 1120 contingere
1109 1073 1290 1121 gaudent.

167 1131 236 1169 Illa
264 1132 363 1169 subit
390 1131 616 1179 mediaeque
646 1131 796 1167 minans
826 1130 988 1167 illabitur
1018 1132 1114 1168 urbi.

168 1191 204 1229 O
233 1192 366 1240 patria,
396 1202 420 1226 o
450 1190 577 1226 divum
607 1190 745 1226 domus
776 1190 889 1226 Ilium
919 1197 955 1227 et
984 1190 1110 1227 inclita
1139 1191 1239 1228 bello

166 1251 322 1288 moenia
349 1249 637 1287 Dardanidum!
678 1255 809 1298 quater
838 1250 923 1298 ipso
953 1250 994 1286 in
1022 1250 1152 1288 limine
1181 1260 1315 1299 portae

168 1310 330 1347 substitit
359 1316 473 1358 atque
502 1316 610 1346 utero
641 1310 808 1346 sonitum
839 1315 971 1357 quater
1000 1321 1106 1346 arma
1135 1309 1298 1347 dedere:

168 1371 351 1406 instamus
380 1376 511 1405 tamen
540 1369 786 1405 immemores
817 1368 997 1417 caecique
1027 1368 1165 1414 furore,

167 1437 204 1467 et
232 1436 444 1467 monstrum
474 1428 603 1466 infelix
634 1436 780 1466 sacrata
811 1429 978 1466 sistimus
1007 1441 1104 1466 arce.

167 1489 282 1527 Tunc
311 1489 426 1526 etiam
457 1488 539 1525 fatis
567 1489 686 1537 aperit
718 1488 938 1525 Cassandra
967 1488 1101 1525 futuris

168 1560 234 1585 ora
263 1549 324 1585 dei
352 1548 456 1584 iussu
485 1559 566 1584 non
595 1560 780 1597 umquam
811 1548 954 1585 credita
985 1548 1170 1585 Teucris:

167 1620 239 1645 nos
269 1607 424 1644 delubra
454 1607 568 1644 deum
598 1608 737 1651 miseri,
768 1607 906 1655 quibus
935 1606 1088 1644 ultimus
1118 1614 1219 1644 esset

167 1668 226 1705 ille
256 1668 348 1713 dies,
378 1667 473 1704 festa
502 1667 669 1704 velamus
699 1666 833 1703 fronde
864 1679 932 1715 per
959 1667 1105 1704 urbem.

224 1728 413 1765 ‘Vertitur
441 1727 585 1764 interea
614 1726 763 1763 caelum
794 1733 831 1763 et
859 1727 930 1762 ruit
959 1726 1119 1764 Oceano
1150 1738 1230 1763 nox

167 1787 363 1825 involvens
391 1787 527 1823 umbra
554 1797 699 1834 magna
727 1792 943 1834 terramque
971 1785 1183 1834 polumque

168 1847 534 1897 Myrmidonumque
567 1846 700 1891 dolos;
741 1845 813 1882 fusi
843 1858 911 1894 per
939 1845 1094 1882 moenia
1124 1844 1270 1882 Teucri

169 1907 396 1950 conticuere,
427 1917 544 1953 sopor
573 1904 696 1942 fessos
727 1905 993 1953 complectitur
1022 1911 1135 1941 artus.

167 1966 218 2003 Et
246 1966 321 2002 iam
352 1965 493 2013 Argiva
521 1963 689 2012 phalanx
718 1964 909 2001 instructis
939 1964 1097 2001 navibus
1126 1964 1207 2000 ibat

169 2038 192 2062 a
219 2025 384 2062 Tenedo
412 2024 548 2061 tacitae
578 2035 645 2072 per
674 2024 799 2060 amica
829 2023 977 2061 silentia
1006 2023 1119 2060 lunae

168 2084 277 2121 litora
305 2092 396 2121 nota
424 2090 577 2131 petens:
617 2082 791 2120 flammas
821 2095 910 2120 cum
939 2083 1044 2131 regia
1073 2081 1214 2130 puppis

168 2143 361 2189 extulerat,
392 2143 553 2191 fatisque
583 2142 698 2179 deum
728 2142 908 2179 defensus
936 2141 1075 2190 iniquis

167 2203 335 2240 inclusos
364 2208 470 2239 utero
499 2201 658 2239 Danaos
688 2209 725 2238 et
753 2202 867 2250 pinea
897 2201 1024 2238 furtim

168 2262 268 2299 laxat
296 2262 457 2298 claustra
488 2260 620 2297 Sinon.
679 2261 771 2298 Illos
800 2260 1011 2309 patefactus
1041 2259 1089 2297 ad
1118 2270 1228 2296 auras

168 2321 290 2358 reddit
318 2332 448 2369 equus,
479 2320 643 2368 laetique
672 2332 766 2357 cavo
797 2332 837 2357 se
866 2321 1003 2357 robore
1032 2325 1213 2367 promunt

169 2379 439 2417 Thessandrus
471 2378 749 2427 Sthenelusque
778 2379 895 2416 duces
925 2387 962 2415 et
991 2378 1093 2415 dirus
1123 2376 1257 2414 Ulixes

169 2439 377 2476 demissum
406 2437 501 2487 lapsi
530 2449 597 2486 per
627 2437 770 2484 funem,
800 2439 1044 2487 Acamasque
1075 2436 1286 2485 Thoasque

1495 552 1558 583 230

1494 849 1556 880 235

1496 1444 1557 1475 245
