1669 2737
595 89 762 124 LIBER
791 90 824 126 I.
856 85 1068 139 53ass609.

140 196 279 235 auxilio
306 203 408 234 tutos
435 196 624 234 dimittam
652 197 868 247 opibusque
897 199 1049 236 iuvabo.

139 256 262 294 Vultis
291 263 327 294 et
354 256 413 294 his
441 269 594 294 mecum
621 257 759 306 pariter
788 258 988 295 considere
1017 259 1175 307 regnis?

139 316 284 353 Urbem
312 328 428 365 quam
457 323 590 360 statuo,
619 323 743 353 vestra
771 324 848 362 est;
889 318 1087 355 subducite
1117 331 1255 365 naves;

139 375 240 412 Tros
269 375 487 424 Tyriusque
516 376 607 412 mihi
637 375 741 412 nullo
771 376 988 413 discrimine
1018 384 1161 425 agetur.

138 436 265 484 Atque
293 435 439 472 utinam
467 447 533 472 rex
561 435 643 483 ipse
673 434 779 472 Noto
809 436 1031 484 compulsus
1060 437 1199 474 eodem

138 494 272 531 afforet
299 494 474 531 Aeneas!
513 494 692 543 equidem
720 506 787 542 per
815 494 923 531 litora
952 504 1076 532 certos

137 553 322 590 dimittam
350 560 388 590 et
416 553 560 603 Libyae
588 553 744 590 lustrare
773 561 943 590 extrema
972 554 1127 599 iubebo,

137 613 168 650 si
196 613 334 660 quibus
363 612 505 649 eiectus
535 612 635 649 silvis
664 620 727 648 aut
756 612 913 649 urbibus
944 612 1063 650 errat?

190 671 265 709 His
292 671 465 709 animum
494 671 627 709 arrecti
656 671 764 708 dictis
794 678 831 708 et
859 671 966 709 fortis
998 672 1166 710 Achates

135 738 173 768 et
202 737 309 780 pater
337 731 492 769 Aeneas
520 730 744 767 iamdudum
774 743 973 781 erumpere
1002 732 1147 769 nubem

136 791 329 828 ardebant.
387 791 493 828 Prior
520 791 681 828 Aenean
710 791 914 841 compellat
943 792 1136 830 Achates:

137 850 260 888 ‘Nate
289 851 372 897 dea,
402 862 500 901 quae
529 863 632 888 nunc
662 851 792 888 animo
822 852 1011 888 sententia
1041 852 1185 900 surgit?

136 909 278 948 Omnia
306 917 387 948 tuta
414 911 530 956 vides,
559 910 720 948 classem
751 910 956 959 sociosque
986 918 1175 959 receptos.

135 969 247 1006 Unus
276 970 395 1015 abest,
424 970 552 1007 medio
580 970 620 1006 in
650 969 767 1007 fluctu
795 982 910 1019 quem
940 970 1103 1007 vidimus
1125 970 1206 1020 ¹ipsi

136 1031 398 1075 submersum;
439 1029 545 1066 dictis
575 1029 812 1078 respondent
841 1036 967 1066 cetera
995 1028 1148 1066 matris!

135 1088 211 1125 Vix
240 1100 286 1125 ea
313 1088 413 1125 fatus
442 1095 532 1133 erat,
562 1100 650 1125 cum
679 1089 908 1126 circumfusa
935 1096 1092 1138 repente

136 1146 272 1184 scindit
301 1159 341 1184 se
370 1147 493 1184 nubes
522 1154 559 1183 et
586 1147 626 1183 in
654 1147 806 1184 aethera
835 1154 973 1196 purgat
1001 1154 1187 1195 apertum.

137 1206 289 1243 Restitit
316 1207 471 1244 Aeneas
500 1206 675 1255 claraque
706 1206 745 1242 in
773 1207 856 1244 luce
886 1206 1030 1244 refulsit

136 1277 181 1303 os
209 1277 438 1314 umerosque
468 1266 541 1303 deo
572 1265 723 1311 similis;
762 1278 929 1314 namque
958 1266 1042 1314 ipsa
1070 1265 1250 1302 decoram

138 1325 345 1362 caesariem
373 1331 465 1361 nato
495 1326 667 1373 genetrix
696 1324 902 1373 lumenque
931 1325 1106 1361 iuventae

136 1396 370 1433 purpureum
399 1392 435 1421 et
463 1383 583 1421 laetos
612 1384 730 1421 oculis
758 1383 901 1420 afflarat
930 1384 1120 1420 honores:

138 1444 249 1493 quale
276 1455 415 1481 manus
444 1443 588 1481 addunt
616 1444 722 1480 ebori
752 1443 880 1488 decus,
910 1450 975 1479 aut
1004 1443 1069 1479 ubi
1099 1441 1198 1478 flavo

138 1510 339 1553 argentum
367 1503 546 1540 Pariusve
576 1503 671 1551 lapis
702 1502 957 1540 circumdatur
986 1514 1090 1538 auro.

138 1562 243 1600 Tum
273 1563 326 1600 sic
354 1563 526 1611 reginam
555 1562 757 1611 alloquitur
786 1562 1008 1609 cunctisque
1038 1568 1194 1609 repente

138 1622 365 1672 improvisus
393 1623 466 1659 ait:
507 1620 685 1665 ‘Coram‚
715 1632 830 1669 quem
861 1619 1049 1669 quaeritis,
1080 1618 1217 1655 adsum

139 1681 281 1720 Troius
309 1683 473 1727 Aeneas,
503 1681 656 1731 Libycis
686 1688 837 1729 ereptus
866 1680 914 1716 ab
943 1678 1065 1715 undis.

140 1741 176 1779 O
206 1742 287 1780 sola
315 1741 493 1780 infandos
523 1741 665 1779 Troiae
694 1741 873 1778 miserata
901 1739 1063 1782 labores,

139 1814 238 1851 quae
265 1814 350 1847 nos,
370 1802 553 1852 'reliquias
582 1801 774 1846 Danaum,
804 1808 999 1849 terraeque
1028 1798 1221 1846 marisque

139 1861 318 1898 omnibus
346 1862 552 1900 exhaustos
572 1863 657 1906 iam
686 1862 848 1907 casibus,
877 1859 1048 1901 omnium
1078 1867 1225 1905 egenos

139 1921 231 1958 urbe
259 1921 378 1958 domo
407 1923 543 1968 socias,
573 1928 698 1971 grates
727 1921 940 1971 persolvere
970 1918 1105 1966 dignas

138 1991 219 2017 non
248 1981 333 2029 opis
362 1989 419 2018 est
447 1989 612 2027 nostrae,
640 1981 757 2027 Dido,
786 1994 858 2018 nec
888 1976 1072 2029 quidquid
1101 1974 1240 2022 ubique
1271 1979 1327 2010 est

137 2040 263 2087 gentis
291 2039 518 2086 Dardaniae,
547 2054 733 2091 magnum
763 2053 860 2091 quae
890 2049 1022 2088 sparsa
1050 2047 1117 2085 per
1147 2033 1291 2070 orbem.

137 2096 189 2134 Di
217 2099 295 2144 tibi,
325 2099 356 2135 si
383 2112 459 2149 qua
487 2101 572 2149 pios
598 2107 819 2150 respectant
848 2099 1017 2141 numina,
1048 2095 1078 2132 si
1107 2092 1198 2142 quid

137 2168 300 2206 usquam
328 2159 468 2195 iustitia
497 2167 556 2197 est
584 2167 621 2197 et
649 2172 762 2197 mens
791 2159 862 2197 sibi
891 2156 1046 2195 conscia
1074 2153 1176 2196 recti,

137 2218 306 2265 praemia
334 2218 451 2267 digna
481 2219 611 2257 ferant.
670 2218 781 2265 Quae
810 2225 847 2256 te
876 2226 953 2255 tam
983 2216 1078 2252 laeta
1106 2212 1270 2250 tulerunt

138 2275 310 2312 saecula?
351 2278 416 2325 qui
444 2279 538 2314 tanti
566 2278 681 2315 talem
710 2289 876 2327 genuere
905 2274 1105 2324 parentes?

137 2335 177 2372 in
205 2335 299 2372 freta
327 2336 417 2373 dum
447 2337 549 2373 fluvii
578 2345 740 2383 current,
770 2338 861 2375 dum
891 2335 1083 2373 montibus
1112 2334 1268 2370 umbrae

137 2394 350 2433 lustrabunt
377 2407 560 2443 convexa,
591 2398 701 2446 polus
731 2396 822 2434 dum
850 2395 971 2433 sidera
998 2400 1141 2443 pascet,

138 2467 288 2506 semper
317 2456 442 2494 honos
472 2469 692 2507 nomenque
723 2466 828 2494 tuum
857 2456 1063 2504 laudesque
1093 2454 1313 2497 manebunt,

787 2538 864 2564 ΗΖ

1464 1635 1523 1666 595

1456 2217 1515 2257 605
