1669 2737
90 86 94 91 “
144 98 224 140 170
719 92 945 128 AENEJS.

141 200 217 237 Vix
247 199 347 237 illam
377 199 507 238 famuli
537 199 713 250 Phegeus
743 200 974 250 Sagarisque
1004 200 1176 240 ferebant

140 260 388 308 multiplicem
419 260 547 298 conixi
575 261 739 306 umeris;
778 261 934 298 indutus
964 267 1002 297 at
1030 261 1122 297 olim

141 319 353 356 Demoleos
383 331 495 356 cursu
524 319 696 368 palantes
726 319 853 357 Troas
883 321 1035 369 agebat.

145 377 276 415 Tertia
306 378 409 415 dona
439 378 528 415 facit
557 379 732 428 geminos
762 391 809 416 ex
839 391 926 416 aere
954 379 1098 416 lebetas

142 439 367 488 cymbiaque
398 445 556 487 argento
585 439 754 488 perfecta
783 446 898 488 atque
927 451 1061 488 aspera
1090 439 1220 488 signis.

143 498 303 547 Iamque
333 498 432 535 adeo
461 498 594 535 donati
623 511 759 537 omnes
789 499 1005 548 opibusque
1035 499 1187 547 superbi

142 558 315 607 puniceis
343 558 450 596 ibant
478 558 613 595 evincti
643 566 820 607 tempora
848 559 983 603 taenis,

143 629 230 655 cum
260 629 374 655 saevo
403 630 425 654 e
455 618 616 667 scopulo
644 619 764 656 multa
793 619 855 655 vix
885 625 963 655 arte
993 617 1174 664 revulsus,

143 677 291 715 amissis
319 678 433 714 remis
464 684 577 726 atque
606 677 740 715 ordine
769 677 903 715 debilis
931 690 1022 723 uno,

142 738 288 775 irrisam
318 738 399 775 sine
427 737 575 775 honore
604 744 724 775 ratem
756 737 955 787 Sergestus
984 739 1132 787 agebat.

143 797 277 844 Qualis
306 809 422 846 saepe
451 798 533 834 viae
563 797 774 846 deprensus
805 797 844 834 in
875 809 1016 847 aggere
1046 809 1212 846 serpens,

143 869 252 894 aerea
281 868 396 906 quem
426 857 624 906 obliquum
653 864 737 894 rota
764 857 909 894 transiit
937 863 1002 894 aut
1030 857 1153 905 gravis
1183 857 1260 893 ictu

143 917 375 954 seminecem
404 915 512 965 liquit
542 928 636 953 saxo
665 916 910 965 lacerumque
939 917 1083 961 viator;

143 977 377 1025 nequiquam
407 975 547 1024 longos
577 976 726 1025 fugiens
757 977 822 1014 dat
851 988 1009 1025 corpore
1039 982 1171 1020 tortus,

142 1043 247 1085 parte
278 1035 383 1072 ferox
413 1035 628 1084 ardensque
657 1036 777 1073 oculis
806 1042 843 1072 et
872 1036 980 1073 sibila
1009 1035 1108 1072 colla

142 1096 282 1133 arduus
311 1095 497 1140 attollens,
528 1107 615 1144 pars
645 1095 799 1133 vulnere
829 1095 965 1132 clauda
993 1100 1155 1132 retentat

142 1156 337 1192 nixantem
366 1154 479 1191 nodis
509 1166 625 1203 seque
655 1155 693 1191 in
723 1167 791 1192 sua
820 1155 994 1191 membra
1023 1154 1252 1203 plicantem:

142 1215 205 1252 tali
233 1213 391 1263 remigio
422 1214 528 1251 navis
557 1226 598 1251 se
626 1214 734 1251 tarda
761 1215 966 1259 movebat3

141 1274 224 1311 vela
251 1273 340 1310 'facit
370 1280 498 1310 tamen
528 1280 564 1310 et
593 1273 714 1322 plenis
745 1274 845 1311 subit
873 1273 970 1310 ostia
998 1272 1101 1310 velis.

143 1333 363 1381 Sergestum
393 1332 546 1369 Aeneas
575 1333 765 1381 promisso
794 1344 954 1369 munere
982 1331 1102 1369 donat

142 1397 329 1430 servatam
358 1392 409 1428 ob
438 1404 575 1429 navem
605 1392 724 1430 laetus
753 1393 957 1441 sociosque
986 1391 1177 1428 reductos.

142 1452 218 1490 Olli
248 1464 354 1489 serva
383 1451 502 1497 datur,
533 1464 695 1501 operum
724 1452 827 1489 haud
855 1451 987 1500 ignara
1016 1450 1225 1495 Minervae,

142 1511 282 1550 Cressa
310 1523 443 1560 genus,
477 1511 632 1556 Pholoe,
663 1511 882 1560 geminique
912 1511 984 1547 sub
1013 1511 1130 1546 ubere
1160 1509 1248 1546 nati.

196 1570 287 1608 Hoc
317 1570 401 1619 pius
430 1570 584 1607 Aeneas
612 1571 729 1608 misso
760 1570 966 1608 certamine
996 1569 1116 1606 tendit

141 1631 379 1681 gramineum
412 1631 448 1666 in
477 1641 669 1678 eampum,
700 1641 815 1679 quem
845 1629 1007 1666 collibus
1035 1628 1206 1677 undique
1237 1626 1357 1664 curvis

142 1692 347 1741 cingebant
376 1689 501 1735 silvae,
531 1689 733 1737 mediaque
763 1690 803 1726 in
831 1689 925 1726 valle
955 1688 1090 1725 theatri

142 1752 264 1789 circus
294 1756 383 1795 erat,
414 1760 492 1799 quo
521 1761 562 1785 se
592 1748 719 1785 multis
750 1760 837 1785 cum
866 1748 1031 1784 millibus
1061 1747 1173 1784 heros

141 1823 325 1850 consessu
352 1809 522 1846 medium
550 1808 634 1845 tulit
661 1814 928 1856 exstructoque
958 1806 1107 1844 resedit.

141 1871 212 1916 hic,
243 1870 307 1919 qui
336 1869 431 1906 forte
459 1868 573 1905 velint
602 1868 735 1916 rapido
765 1867 998 1904 contendere
1027 1878 1151 1911 cursu,

141 1931 269 1967 invitat
298 1928 424 1979 pretiis
453 1928 615 1972 animos,
644 1934 681 1964 et
710 1927 880 1976 praemia
908 1926 1030 1975 ponit.

139 1989 322 2038 Undique
352 1988 584 2025 conveniunt
613 1986 754 2024 Teucri
782 1986 965 2035 mixtique
997 1985 1136 2029 Sicani,

140 2049 257 2086 Nisus
285 2054 322 2085 et
351 2047 537 2096 Euryalus
565 2046 687 2095 primi,

139 2106 327 2156 Euryalus
357 2106 479 2143 forma
507 2106 669 2154 insignis
698 2104 880 2153 viridique
910 2103 1074 2147 iuventa,

139 2166 257 2204 Nisus
286 2178 417 2203 amore
445 2165 510 2214 pio
539 2166 667 2213 pueri;
707 2176 805 2214 quos
835 2162 974 2200 deinde
1003 2168 1154 2199 secutus

138 2226 265 2274 regius
298 2224 452 2273 egregia
482 2224 619 2261 Priami
649 2223 697 2261 de
726 2223 841 2272 stirpe
870 2222 1036 2265 Diores3

137 2286 240 2323 hunc
271 2284 391 2321 Salius
421 2283 531 2320 simul
561 2290 598 2320 et
626 2282 780 2327 Patron,
811 2293 974 2331 quorum
1004 2280 1097 2317 alter
1125 2279 1318 2324 Acarnan,

137 2346 229 2383 alter
260 2344 308 2380 ab
337 2342 503 2380 Arcadio
534 2342 737 2391 Tegeaeae
767 2341 954 2390 sanguine
983 2339 1107 2387 gentis
1123 2351 1132 2384 ;

136 2411 218 2442 tum
248 2403 324 2441 duo
353 2402 542 2439 Trinacrii
571 2401 725 2438 iuvenes
755 2400 945 2448 Helymus
975 2398 1242 2446 Panopesque,

138 2463 277 2502 assueti
307 2461 417 2507 silvis,
447 2461 608 2498 comites
637 2459 797 2497 senioris
826 2458 1011 2504 Acestae;

1472 329 1532 367 265

1470 927 1530 960 275

1467 1217 1530 1247 280

1467 1514 1526 1552 285

1465 1818 1527 1851 290

1461 2409 1524 2440 300
