1669 2737
530 70 700 104 LIBER
727 69 783 103 II.
822 73 952 115 107—1
963 63 1027 113 84.

83 178 173 218 hinc
200 179 286 225 albi,
315 178 520 223 Clitumne,
550 190 688 227 greges
717 183 754 214 et
782 177 952 214 maxima
981 183 1112 213 taurus

82 238 244 283 victima,
275 250 390 287 saepe
419 245 486 275 tuo
514 237 655 286 perfusi
684 236 840 273 flumine
871 247 991 281 sacro,

83 296 285 334 Romanos
315 297 364 334 ad
394 296 536 345 templa
566 296 681 334 deum
711 295 852 332 duxere
882 295 1107 343 triumphos.

82 354 161 393 Hic
188 368 253 392 ver
281 355 477 393 assiduum
507 361 621 403 atque
649 354 782 391 alienis
811 354 1008 391 mensibus
1039 360 1187 391 aestas:

81 415 140 452 bis
167 415 346 463 gravidae
374 413 553 463 pecudes,
583 413 642 451 bis
670 414 797 462 pomis
825 413 926 450 utilis
955 414 1081 451 arbos.

81 474 134 511 At
161 474 316 512 rabidae
343 474 458 522 tigres
488 474 627 510 absunt
655 479 693 509 et
722 484 834 509 saeva
862 472 1020 509 leonum

82 533 237 579 semina,
267 545 340 570 nec
368 533 531 570 miseros
560 532 691 569 fallunt
720 532 872 569 aconita
899 531 1083 580 legentes,

81 603 153 629 nec
181 592 279 641 rapit
307 592 518 629 immensos
546 592 658 629 orbes
686 603 756 640 per
784 591 954 636 humum,
986 602 1112 639 neque
1142 597 1251 627 tanto

82 663 288 700 squameus
315 651 356 688 in
385 652 525 700 spiram
553 657 675 688 tractu
704 662 744 687 se
775 650 917 699 colligit
946 650 1093 698 anguis.

81 710 193 748 Adde
221 717 278 748 tot
306 711 481 760 egregias
509 711 622 747 urbes
651 721 888 758 operumque
917 709 1101 753 laborem,

81 776 137 807 tot
165 778 351 819 congesta
378 782 496 807 manu
525 769 736 819 praeruptis
766 769 911 817 oppida
941 769 1041 806 saxis

80 828 314 879 fluminaque
343 830 522 878 antiquos
552 828 847 866 subterlabentia
876 840 1019 865 muros.

80 889 144 925 An
172 901 278 926 mare
307 888 413 938 quod
441 900 554 937 supra
582 899 809 933 memorem,
839 887 1022 936 quodque
1051 886 1155 924 alluit
1185 884 1307 922 infra?

80 949 194 985 Anne
223 947 328 986 lacus
356 955 507 993 tantos;
545 954 593 992 te,
624 946 712 983 Lari
742 948 922 992 maxime,
953 954 1077 995 teque,

80 1008 256 1046 fluctibus
284 1015 321 1046 et
349 1009 498 1046 fremitu
527 1019 732 1057 assurgens
761 1007 914 1044 Benace
944 1008 1119 1044 marino?

80 1067 146 1104 An
173 1079 386 1105 memorem
415 1074 548 1117 portus
576 1067 820 1115 Lucrinoque
851 1066 980 1103 addita
1010 1066 1172 1104 claustra

81 1133 195 1175 atque
224 1126 463 1175 indignatum
491 1127 643 1174 magnis
674 1126 899 1162 stridoribus
929 1137 1085 1173 aequor,

80 1186 176 1224 Iulia
203 1198 280 1235 qua
307 1194 431 1236 ponto
459 1187 576 1235 longe
605 1193 718 1223 sonat
747 1185 850 1223 unda
879 1185 1008 1222 refuso

80 1246 380 1296 Tyrrhenusque
409 1247 512 1284 fretis
540 1246 753 1283 immittitur
781 1253 908 1283 aestus
937 1247 1126 1283 Avernis?

81 1307 194 1346 Haec
223 1308 360 1346 eadem
389 1308 537 1357 argenti
565 1308 664 1344 rivos
694 1308 868 1355 aerisque
899 1307 1053 1344 metalla

80 1369 247 1407 ostendit
275 1370 381 1407 venis
409 1377 523 1419 atque
552 1380 645 1405 auro
675 1368 838 1416 plurima
869 1368 989 1405 fluxit.

81 1429 193 1467 Haec
221 1441 343 1478 genus
373 1441 458 1467 acre
487 1429 608 1465 virum
638 1427 791 1464 Marsos
819 1428 1039 1476 pubemque
1070 1427 1263 1465 Sabellam

81 1494 351 1537 assuetumque
378 1489 481 1525 malo
510 1487 693 1536 Ligurem
722 1486 964 1535 Volscosque
996 1495 1149 1524 verutos

81 1547 222 1592 extulit,
253 1547 349 1584 haec
377 1546 522 1584 Decios
551 1545 696 1583 Marios
726 1557 971 1594 magnosque
1001 1545 1198 1592 Camillos,

84 1608 281 1658 Scipiadas
309 1608 425 1646 duros
453 1607 554 1644 bello
585 1614 622 1645 et
650 1613 700 1652 te,
730 1607 898 1644 maxime
928 1607 1081 1652 Caesar,

82 1670 148 1719 qui
176 1678 279 1707 nunc
308 1668 487 1706 extremis
517 1668 634 1705 Asiae
664 1668 741 1704 iam
770 1668 890 1705 victor
918 1668 957 1704 in
987 1670 1064 1706 oris

83 1730 275 1768 imbellem
304 1730 441 1767 avertis
470 1729 660 1766 Romanis
690 1729 840 1766 arcibus
872 1728 1024 1766 Indum.

85 1791 205 1838 Salve,
234 1803 378 1841 magna
405 1803 545 1840 parens
574 1790 737 1839 frugum,
769 1790 945 1827 Saturnia
974 1791 1095 1837 tellus,

84 1865 227 1902 magna
254 1853 396 1890 virum:
435 1852 502 1889 tibi
530 1864 591 1889 res
619 1852 800 1899 antiquae
829 1851 952 1889 laudis
983 1859 1019 1889 et
1049 1853 1139 1890 artis

84 1911 275 1961 ingredior
303 1917 458 1950 sanctos
487 1922 602 1948 ausus
630 1910 825 1947 recludere
854 1910 991 1955 fontes,

84 1973 371 2021 Ascraeumque
400 1983 498 2009 cano
528 1970 708 2008 Romana
736 1983 804 2020 per
834 1971 977 2020 oppida
1007 1983 1176 2008 carmen.

139 2031 254 2069 Nunc
281 2031 389 2068 locus
418 2041 595 2067 arvorum
623 2030 796 2078 ingeniis,
827 2042 925 2078 quae
953 2031 1095 2066 robora
1125 2030 1275 2079 cuique,

86 2090 169 2140 quis
196 2089 312 2134 color,
341 2095 378 2127 et
407 2100 505 2138 quae
535 2089 581 2126 sit
609 2089 723 2125 rebus
752 2095 887 2125 natura
917 2087 1094 2125 ferendis.

86 2148 267 2186 Difficiles
294 2149 461 2198 primum
490 2154 612 2185 terrae
642 2147 836 2197 collesque
867 2147 1037 2195 maligni,

86 2209 210 2248 tenuis
238 2210 304 2247 ubi
332 2209 462 2258 argilla
489 2215 527 2246 et
555 2208 726 2246 dumosis
756 2208 923 2246 calculus
953 2208 1061 2254 arvis,

87 2270 254 2308 Palladia
282 2270 452 2319 gaudent
480 2269 570 2307 silva
600 2269 739 2306 vivacis
770 2269 901 2306 olivae.

88 2331 237 2369 Indicio
264 2338 322 2369 est
349 2338 469 2368 tractu
500 2342 660 2379 surgens
689 2330 852 2366 oleaster
880 2328 1019 2366 eodem

88 2390 272 2439 plurimus
300 2396 338 2427 et
366 2390 469 2426 strati
497 2390 602 2427 bacis
632 2389 861 2426 silvestribus
893 2389 984 2436 agri.

89 2451 141 2489 At
169 2464 265 2501 quae
294 2451 447 2501 pinguis
475 2449 615 2488 humus
645 2450 822 2500 dulcique
851 2449 994 2500 uligine
1024 2449 1132 2496 laeta,

1418 74 1472 114 43

1414 1013 1472 1043 160

1413 1312 1469 1352 165

1418 2211 1478 2244 180
