1669 2737
124 74 203 116 218
693 81 916 116 AENEJS.

121 190 347 238 absumptae
376 189 415 225 in
443 188 617 226 Teucros
647 189 742 227 vires
771 191 941 241 caelique
971 191 1172 241 marisque.

122 248 226 294 Quid
257 247 382 297 Syrtes
411 254 474 285 aut
505 248 628 297 Scylla
655 249 758 293 mihi,
790 251 881 299 quid
911 257 1017 288 vasta
1046 250 1259 300 Charybdis

122 308 289 356 profuit?
329 313 461 356 optato
491 307 707 344 conduntur
736 308 942 358 Thybridis
972 309 1089 355 alveo,

123 367 245 404 securi
272 365 397 415 pelagi
427 372 540 414 atque
570 367 655 403 mei.
713 366 819 405 Mars
847 369 1005 417 perdere
1035 375 1192 417 gentem

122 426 330 462 immanem
360 425 563 474 Lapithum
592 426 716 471 valuit,
748 428 938 465 concessit
968 429 1006 465 in
1036 428 1108 465 iras
1440 442 1501 473 305

124 485 205 533 ipse
235 484 349 522 deum
378 485 575 533 antiquam
604 486 754 533 genitor
784 485 982 535 Calydona
1010 486 1169 532 Dianae,

124 543 229 592 quod
259 543 382 580 scelus
412 551 476 579 aut
504 542 684 591 Lapithas
714 551 861 581 tantum
890 553 953 582 aut
983 544 1182 594 Calydona
1210 544 1447 582 merentem?

124 603 194 639 Ast
223 614 296 650 ego
325 614 466 650 magna
495 602 596 639 Iovis
627 603 805 649 coniunx,
836 604 887 641 nil
916 605 1083 654 linquere
1112 606 1288 641 inausum

125 674 222 711 quae
253 662 358 710 potui
388 661 529 706 infelix,
560 674 658 711 quae
687 670 828 700 memet
856 664 895 700 in
925 665 1055 702 omnia
1083 665 1187 709 verti,

124 722 256 758 vincor
285 722 333 757 ab
363 722 506 758 Aenea.
565 721 684 767 Quod
712 723 743 759 si
772 735 857 759 mea
886 724 1045 760 numina
1073 736 1153 760 non
1182 730 1270 761 sunt
1442 735 1505 767 310

125 793 267 829 magna
287 781 386 825 satis,
403 781 572 818 dubitem
593 781 694 819 haud
708 783 885 830 equidem
906 783 1108 832 implorare
1125 784 1230 832 quod
1247 794 1412 832 usquam
1429 788 1503 819 est:

125 840 275 877 flectere
304 841 334 877 si
363 853 514 890 nequeo
543 853 713 889 superos,
743 842 964 879 Acheronta
991 844 1166 880 movebo.

126 899 218 936 Non
247 899 396 936 dabitur
424 900 551 948 regnis
581 899 696 951 (esto)
727 901 928 949 prohibere
957 901 1111 947 Latinis,

126 965 239 1008 atque
268 959 428 995 immota
456 966 584 996 manet
613 959 698 997 fatis
728 960 887 997 Lavinia
916 961 1106 999 coniunx:

127 1026 164 1055 at
192 1018 338 1055 trahere
367 1026 480 1067 atque
510 1031 636 1056 moras
666 1020 778 1057 tantis
808 1020 894 1057 licet
923 1021 1063 1058 addere
1092 1022 1216 1067 rebus,
1447 1034 1507 1065 315

127 1085 165 1115 at
191 1078 279 1115 licet
306 1079 508 1115 amborum
538 1079 702 1128 populos
732 1080 956 1117 exscindere
986 1093 1131 1130 regum.

128 1137 215 1176 Hac
245 1151 363 1188 gener
392 1146 505 1188 atque
534 1151 642 1177 socer
670 1147 808 1177 coeant
835 1141 1012 1178 mercede
1042 1153 1222 1179 suorum:

128 1199 314 1246 sanguine
345 1198 517 1234 Troiano
547 1204 583 1234 et
613 1198 755 1236 Rutulo
785 1199 978 1244 dotabere,
1007 1200 1122 1248 virgo,

128 1264 165 1294 et
194 1256 353 1294 Bellona
383 1264 510 1294 manet
539 1263 575 1294 te
604 1259 789 1306 pronuba.
848 1258 933 1295 Nec
962 1258 1044 1296 face
1075 1265 1223 1296 tantum

129 1315 269 1353 Cisseis
299 1328 512 1364 praegnans
541 1316 651 1364 ignes
680 1317 791 1354 enixa
819 1318 987 1366 iugales;
1450 1333 1512 1364 3²0

129 1376 221 1424 quin
250 1375 351 1412 idern
380 1374 522 1412 Veneri
551 1382 678 1424 partus
708 1388 797 1413 suus
826 1383 862 1413 et
893 1377 995 1415 Paris
1025 1378 1117 1415 alter

129 1434 376 1484 funestaeque
405 1434 539 1471 iterum
568 1435 730 1472 recidiva
760 1437 797 1472 in
827 1436 1014 1486 Pergama
1042 1435 1200 1474 taedae.’

185 1493 297 1530 Haec
326 1493 389 1530 ubi
419 1492 519 1531 dicta
548 1494 662 1539 dedit,
693 1502 809 1532 terras
838 1496 1029 1533 horrenda
1057 1497 1208 1545 petivit:

129 1553 333 1590 luctificam
364 1552 513 1590 Allecto
543 1554 707 1591 dirarum
738 1556 786 1592 ab
816 1555 904 1592 sede
935 1555 1091 1593 dearum

130 1612 361 1660 infernisque
391 1612 463 1648 ciet
490 1613 665 1658 tenebris,
697 1615 756 1651 cui
785 1615 902 1651 tristia
930 1615 1029 1652 bella
1453 1631 1513 1661 325

130 1673 281 1720 iraeque
310 1671 544 1720 insidiaeque
573 1679 609 1709 et
639 1673 796 1710 crimina
824 1674 939 1710 noxia
968 1674 1083 1711 cordi.

133 1730 225 1769 Odit
254 1737 291 1767 et
319 1730 401 1779 ipse
431 1737 536 1779 pater
565 1731 714 1777 Pluton,
744 1732 858 1770 odere
888 1745 1038 1770 sorores

132 1790 338 1827 Tartareae
367 1796 603 1827 monstrum:
644 1797 699 1828 tot
727 1803 810 1828 sese
840 1793 946 1829 vertit
975 1793 1012 1829 in
1042 1805 1120 1838 ora,

133 1857 211 1886 tam
241 1860 375 1886 saevae
405 1848 531 1893 facies,
562 1856 618 1886 tot
647 1851 801 1898 pullulat
830 1857 909 1888 atra
938 1852 1112 1889 colubris.

134 1909 263 1955 Quam
292 1907 390 1944 Iuno
421 1907 480 1945 his
510 1909 610 1945 acuit
639 1910 759 1946 verbis
789 1923 833 1947 ac
862 1910 948 1947 talia
977 1911 1095 1948 fatur:
1452 1928 1517 1958 330

135 1968 273 2004 ‘Hunc
302 1967 392 2003 mihi
422 1967 471 2004 da
499 1968 704 2016 proprium,
735 1970 841 2018 virgo
871 1977 952 2007 sata
982 1969 1119 2014 Nocte,
1149 1970 1331 2016 laborem,

133 2028 232 2064 hanc
261 2039 431 2075 operam,
462 2039 509 2064 ne
538 2035 668 2065 noster
696 2028 822 2066 honos
851 2029 1055 2066 infractave
1085 2030 1196 2067 cedat

134 2086 235 2123 fama
263 2085 360 2131 loco,
391 2098 466 2122 neu
495 2087 670 2124 conubiis
697 2088 842 2125 ambire
871 2087 1050 2125 Latinum

134 2145 341 2181 Aeneadae
371 2146 519 2194 possint
548 2145 711 2184 Italosve
742 2147 916 2184 obsidere
945 2148 1049 2184 fines.

135 2205 199 2242 Tu
227 2211 337 2253 potes
366 2205 570 2242 unanimos
599 2218 744 2243 armare
774 2207 813 2243 in
841 2207 984 2255 proelia
1014 2206 1143 2244 fratres
1455 2223 1514 2255 335

135 2271 248 2314 atque
278 2264 375 2301 odiis
404 2277 550 2302 versare
580 2266 730 2312 domos,
760 2273 799 2304 tu
829 2267 981 2304 verbera
1010 2268 1118 2304 tectis

136 2323 387 2372 funereasque
415 2323 550 2361 inferre
579 2324 693 2370 faces,
722 2325 788 2362 tibi
818 2327 974 2363 nomina
1002 2325 1114 2370 mille,

135 2382 236 2419 mille
265 2382 428 2419 nocendi
458 2390 567 2420 artes.
625 2384 848 2421 Fecundum
877 2392 1039 2422 concute
1068 2392 1213 2434 pectus,

137 2441 265 2479 disiice
295 2442 549 2491 compositam
579 2455 727 2492 pacem,
757 2455 838 2481 sere
868 2444 1025 2481 crimina
1054 2444 1164 2481 belli:
