1669 2737
557 79 726 114 LIBER
754 82 851 118 XII.
885 75 1093 131 261-338.

141 192 303 235 occupat
333 198 376 223 os
406 185 594 225 flammis:
636 189 700 226 olli
729 189 864 239 ingens
893 191 1012 227 barba
1040 191 1175 228 reluxit

140 245 390 294 nidoremque
419 247 595 283 ambusta
624 247 738 285 dedit.
797 249 918 297 Super
948 250 1028 297 ipse
1060 256 1212 286 secutus

140 304 347 340 caesariem
375 303 481 340 laeva
509 306 646 342 turbati
676 307 831 356 corripit
859 308 979 345 hostis

138 361 403 411 impressoque
431 375 534 412 genu
562 364 686 401 nitens
715 371 834 402 terrae
863 366 1028 414 applicat
1055 367 1206 414 ipsum:

140 421 193 458 sic
222 421 344 470 rigido
374 421 470 459 latus
499 434 590 460 ense
619 422 711 460 ferit.
770 423 981 462 Podalirius
1010 425 1147 462 Alsum

139 486 332 528 pastorem
360 481 559 531 primaque
589 482 668 519 acie
697 494 764 530 per
793 483 866 519 tela
895 490 1067 520 ruentem

139 551 230 576 ense
259 551 424 589 sequens
452 540 557 577 nudo
587 541 895 588 superimminet:
935 542 995 578 ille
1024 542 1146 579 securi

138 598 284 635 adversi
312 599 475 636 frontem
504 599 670 636 mediam
699 607 947 649 mentumque
978 602 1132 639 reducta

140 657 277 695 disiicit
306 664 343 695 et
372 670 507 707 sparso
536 659 609 696 late
638 659 735 707 rigat
764 671 869 696 arma
898 672 1041 698 cruore.

141 714 216 752 Olli
247 716 340 753 dura
368 718 476 765 quies
505 718 639 755 oculos
668 725 705 755 et
735 717 876 755 ferreus
904 726 1015 767 urget

139 785 309 819 somnus,
337 775 377 811 in
406 782 598 813 aeternam
628 776 853 814 clauduntur
880 777 1023 814 lumina
1052 785 1217 816 noctem.

192 833 244 869 At
272 833 358 882 pius
386 833 539 871 Aeneas
569 834 741 871 dextram
769 835 949 872 tendebat
978 837 1162 874 inermem

138 891 284 929 nudato
313 893 435 941 capite
465 900 579 942 atque
609 905 700 931 suos
731 894 898 932 clamore
927 897 1112 933 vocabat:

140 950 252 996 ‘Quo
280 952 411 989 ruitis?
450 964 594 1001 quaeve
623 952 695 989 ista
724 965 861 1002 repens
891 952 1079 991 discordia
1109 956 1251 1003 surgit?

139 1009 176 1048 O
205 1010 380 1047 cohibete
409 1010 506 1049 iras:
548 1012 667 1049 ictum
695 1012 771 1049 iam
802 1012 937 1050 foedus
967 1018 1003 1049 et
1034 1025 1168 1051 omnes

138 1070 376 1118 compositae
403 1070 530 1120 leges;
571 1070 663 1107 mihi
692 1071 749 1108 ius
779 1083 1003 1108 concurrere
1034 1072 1102 1109 soli
1119 1085 1128 1118 ;

137 1140 201 1165 me
229 1129 338 1166 sinite
367 1136 481 1180 atque
510 1130 651 1168 auferte
681 1137 828 1177 metus;
872 1142 947 1179 ego
978 1130 1133 1168 foedera
1162 1131 1251 1168 faxo

138 1187 247 1225 firma
274 1200 416 1236 manu;
454 1189 630 1227 Turnum
659 1189 800 1227 debent
829 1189 924 1226 haec
954 1189 1028 1226 iam
1058 1190 1149 1226 mihi
1179 1190 1306 1227 sacra.'

139 1246 225 1284 Has
253 1248 348 1285 inter
375 1261 499 1294 voces,
529 1250 655 1287 media
684 1249 779 1286 inter
808 1248 896 1286 talia
925 1250 1039 1286 verba

138 1318 229 1344 ecce
257 1307 335 1345 viro
364 1308 526 1346 stridens
555 1309 622 1346 alis
652 1308 795 1358 allapsa
824 1309 960 1357 sagitta
989 1314 1045 1346 est

137 1366 322 1403 incertum
351 1379 426 1416 qua
454 1368 563 1416 pulsa
592 1380 720 1414 manu,
752 1379 828 1417 quo
857 1369 1005 1415 turbine
1035 1368 1179 1412 adacta,

139 1425 222 1474 quis
251 1432 396 1463 tantam
426 1426 575 1464 Rutulis
605 1427 769 1472 laudern,
800 1439 962 1464 casusne
992 1427 1148 1472 deusne,

139 1484 322 1521 attulerit:
361 1497 495 1533 pressa
524 1492 581 1523 est
608 1486 769 1534 insignis
798 1486 920 1535 gloria
949 1486 1048 1532 facti,

137 1555 210 1580 nec
239 1555 323 1581 sese
351 1544 506 1581 Aeneae
535 1545 684 1582 iactavit
712 1545 865 1581 minere
895 1547 1111 1595 quisquam.

140 1602 295 1639 Turnus
323 1608 364 1639 ut
392 1603 553 1640 Aenean
583 1604 783 1641 cedentem
813 1616 860 1641 ex
889 1605 1041 1652 agmine
1072 1603 1162 1640 vidit

138 1662 386 1709 turbatosque
415 1661 542 1706 duces,
574 1663 698 1699 subita
727 1674 794 1710 spe
826 1662 988 1700 fervidus
1018 1663 1146 1700 ardet:

139 1721 261 1771 poscit
290 1732 411 1770 equos
440 1728 554 1770 atque
583 1734 689 1759 arma
719 1723 831 1759 simul
860 1722 1033 1771 saltuque
1062 1723 1247 1771 superbus

139 1781 277 1817 emicat
304 1780 344 1816 in
372 1792 524 1817 currum
552 1786 589 1816 et
617 1780 795 1817 manibus
823 1781 974 1817 molitur
1004 1782 1183 1818 habenas.

139 1839 264 1876 Multa
291 1837 412 1874 virum
441 1838 601 1875 volitans
631 1838 695 1876 dat
723 1838 834 1876 fortia
864 1851 1025 1888 corpora
1054 1840 1141 1885 leto,

141 1897 353 1935 semineces
380 1896 493 1934 volvit
521 1897 662 1934 multos
691 1903 756 1934 aut
785 1899 940 1946 agmina
970 1911 1081 1935 curru

140 1957 297 2007 proterit
325 1962 389 1994 aut
417 1963 544 2004 raptas
574 1956 807 2005 fugientibus
835 1957 972 2005 ingerit
1001 1956 1140 1994 hastas.

142 2017 276 2064 Qualis
305 2016 407 2065 apud
434 2015 548 2064 gelidi
578 2028 666 2053 cum
696 2015 855 2052 flumina
884 2017 1056 2053 concitus
1087 2016 1209 2054 Hebri

141 2076 375 2125 sanguineus
403 2074 558 2112 Mavors
588 2075 711 2124 clipeo
741 2075 910 2123 increpat
938 2082 1051 2123 atque
1080 2075 1246 2112 furentes

142 2135 241 2173 bella
268 2145 427 2171 movens
456 2134 622 2170 immittit
651 2145 794 2183 equos:
833 2134 884 2170 illi
913 2145 1078 2182 aequore
1109 2141 1241 2182 aperto

143 2200 232 2231 ante
260 2192 386 2230 Notos
416 2192 707 2243 Zephyrumque
736 2193 884 2237 volant;
924 2192 1041 2240 gemit
1070 2191 1201 2228 ultima
1229 2191 1341 2240 pulsu

145 2252 297 2290 Thraca
324 2252 489 2301 pedum;
533 2252 752 2301 circumque
781 2258 884 2288 atrae
913 2250 1142 2288 Formidinis
1171 2263 1238 2290 ora

144 2312 305 2361 Iraeque
332 2311 586 2360 Insidiaeque,
617 2311 678 2348 dei
713 2311 927 2354 comitatus,
959 2316 1144 2358 aguntur:

145 2370 229 2408 talis
258 2382 378 2421 equos
407 2370 530 2407 alacer
557 2370 684 2407 media
713 2370 808 2408 inter
836 2369 978 2420 proelia
1008 2368 1161 2407 Turnus

145 2431 337 2470 fumantes
365 2429 504 2469 sudore
534 2430 666 2481 quatit,
698 2429 910 2468 miserabile
940 2428 1058 2468 caesis

1443 86 1523 129 329

1462 202 1525 233 300

1457 498 1517 528 305

1457 792 1520 822 310

1458 1087 1517 1118 3¹5

1461 1678 1521 1708 325

1460 1973 1524 2003 330

1462 2267 1520 2298 335
