1669 2737
549 76 716 111 LIBER
753 76 836 112 VJJ.
870 82 921 112 22
925 83 1078 125 3-›300·

122 185 244 223 divitis
272 184 366 222 uber
394 185 474 233 agri
504 184 691 223 Troiaeve
721 185 917 234 opulentia
948 185 1076 222 deerit.

121 244 211 294 Ipse
240 244 359 281 modo
389 244 554 290 Aeneas,
585 245 704 282 nostri
734 245 765 282 si
795 252 900 281 tanta
929 244 1071 292 cupido
1101 251 1168 290 est,

122 304 152 341 si
179 304 285 352 iungi
315 303 482 352 hospitio
512 310 693 353 properat
723 304 928 352 sociusque
956 304 1095 349 vocari,

121 363 307 408 adveniat,
337 363 459 400 vultus
489 375 584 400 neve
612 363 857 400 exhorrescat
885 363 1054 400 amicos:

120 434 209 471 pars
237 422 330 459 mihi
359 423 464 470 pacis
493 423 562 459 erit
590 422 764 459 dextram
793 423 963 471 tetigisse
993 422 1152 470 tyranni.

119 481 203 519 Vos
232 489 365 520 contra
393 483 474 530 regi
502 494 588 519 mea
617 494 720 519 nunc
749 482 928 519 mandata
957 482 1103 518 referte.

120 539 190 578 Est
219 540 311 577 mihi
340 548 440 585 nata,
471 541 550 577 viro
579 541 705 589 gentis
734 553 850 590 quam
880 541 1036 588 iungere
1066 548 1220 577 nostrae

119 612 200 636 non
229 600 352 648 patrio
382 613 428 637 ex
458 600 574 649 adyto
604 607 735 645 sortes,
767 612 846 637 non
876 601 1039 649 plurima
1068 600 1177 637 caelo

119 666 291 696 monstra
320 660 470 697 sinunt:
510 671 673 708 generos
703 660 867 696 externis
897 659 1016 697 affore
1045 661 1093 696 ab
1122 660 1206 703 oris,

118 718 193 756 hoc
222 718 334 756 Latio
362 726 503 757 restare
533 726 686 763 canunt,
717 720 781 768 qui
812 719 997 768 sanguine
1027 726 1201 756 nostrum

118 789 263 815 nomen
291 778 330 815 in
359 785 459 816 astra
486 777 617 816 ferant.
677 777 795 815 Hunc
825 778 930 814 illum
960 790 1118 827 poscere
1149 777 1225 814 fata

119 844 156 874 et
182 849 267 874 reor
295 843 343 883 et,
375 839 405 875 si
434 838 526 887 quid
555 838 643 889 veri*
661 849 771 874 mens
801 845 971 886 augurat,
1003 837 1120 887 opto!

119 895 230 933 Haec
259 897 394 935 effatus
423 909 544 947 equos
573 909 734 934 numero
763 904 872 945 pater
900 897 1002 945 eligit
1031 897 1136 933 omni

118 954 286 1005 (stabant
314 964 372 994 ter
400 964 554 994 centum
583 957 690 993 nitidi
718 957 756 993 in
786 957 1034 1005 praesepibus
1065 955 1189 1006 altis):

118 1015 298 1053 omnibus
325 1016 518 1065 externplo
550 1016 712 1053 Teucris
741 1016 846 1052 iubet
875 1016 1007 1053 ordine
1038 1015 1124 1053 duci

116 1075 295 1114 instratos
325 1084 429 1114 ostro
458 1076 628 1125 alipedes
655 1076 842 1125 pictisque
872 1076 1008 1124 tapetis

117 1133 246 1185 (aurea
275 1137 495 1185 pectoribus
526 1135 692 1173 demissa
721 1135 878 1173 monilia
907 1136 1087 1184 pendent,

116 1195 204 1231 tecti
233 1207 325 1232 auro
355 1195 498 1232 fulvum
527 1195 716 1232 mandunt
746 1195 817 1231 sub
851 1194 1026 1231 dentibus
1051 1196 1220 1242 aurum):

115 1254 261 1291 absenti
290 1256 450 1292 Aeneae
480 1266 633 1292 currum
662 1254 916 1303 geminosque
945 1254 1090 1302 iugales

116 1314 261 1350 semine
290 1314 339 1350 ab
367 1313 549 1358 aetherio,
580 1314 767 1362 spirantes
798 1314 951 1350 naribus
981 1314 1123 1361 ignem,

114 1372 265 1409 illorum
295 1372 342 1409 de
371 1380 497 1421 gente,
527 1373 624 1421 patri
653 1384 752 1422 quos
782 1371 941 1408 daedala
970 1372 1079 1409 Circe

115 1432 313 1480 supposita
342 1432 389 1469 de
417 1439 536 1469 matre
565 1432 706 1469 nothos
736 1431 857 1468 furata
885 1433 1034 1469 creavit.

115 1489 276 1528 Talibus
303 1491 511 1528 Aeneadae
540 1491 652 1529 donis
683 1491 867 1539 dictisque
897 1490 1022 1527 Latini

114 1551 294 1589 sublimes
323 1553 362 1588 in
391 1553 499 1601 equis
527 1552 686 1589 redeunt
715 1563 928 1600 pacemque
957 1558 1163 1601 reportant.

166 1610 269 1648 Ecce
298 1618 426 1648 autem
456 1611 621 1649 Inachiis
652 1623 735 1648 sese
764 1610 951 1648 referebat
985 1612 1032 1648 ab
1062 1612 1175 1661 Argis

114 1683 225 1708 saeva
253 1670 354 1708 Iovis
384 1672 554 1709 coniunx
585 1683 773 1720 aurasque
802 1671 951 1708 invecta
980 1673 1145 1716 tenebat,

113 1736 150 1767 et
178 1731 319 1768 laetum
343 1731 503 1768 Aenean
535 1731 773 1779 classemque
803 1741 851 1766 ex
880 1729 1030 1767 aethere
1060 1731 1175 1780 longe

112 1791 348 1828 Dardaniam
378 1791 505 1829 Siculo
534 1792 733 1840 prospexit
762 1792 810 1828 ab
839 1802 961 1839 usque
992 1791 1185 1842 Pachyno.

113 1850 242 1888 Moliri
270 1852 346 1888 iam
375 1858 475 1889 tecta
504 1851 615 1897 videt,
645 1851 721 1887 iam
752 1850 868 1887 fidere
898 1857 1030 1898 terrae,

113 1910 324 1947 deseruisse
353 1917 476 1948 rates:
518 1911 618 1947 stetit
648 1911 723 1947 acri
754 1910 830 1947 fixa
859 1909 1012 1947 dolore:

112 1976 194 2007 tum
224 1981 409 2018 quassans
438 1978 552 2018 caput
581 1970 675 2006 haec
705 1969 865 2006 effundit
895 1977 1050 2019 pectore
1081 1970 1200 2007 dicta:

113 2027 228 2065 ‘Heu
257 2029 412 2078 stirpem
441 2029 599 2066 invisam
630 2036 666 2066 et
695 2028 780 2066 fatis
810 2030 999 2067 contraria
1030 2030 1168 2066 nostris

113 2087 188 2124 fata
216 2087 432 2136 Phrygum!
469 2100 562 2124 num
593 2088 715 2137 Sigeis
745 2091 974 2126 occumbere
1005 2089 1162 2137 campis,

112 2159 206 2183 num
236 2147 336 2195 capti
363 2153 521 2196 potuere
551 2148 663 2197 capi?
703 2159 796 2184 num
826 2149 984 2185 incensa
1014 2148 1193 2185 cremavit

113 2206 233 2243 Troia
260 2206 384 2243 viros?
422 2207 569 2244 medias
598 2207 699 2244 acies
728 2207 955 2256 mediosque
984 2218 1052 2255 per
1082 2207 1192 2255 ignes

112 2266 289 2301 invenere
318 2265 428 2302 viam.
484 2266 546 2310 At,
576 2266 702 2310 credo,
732 2277 819 2302 mea
849 2267 1008 2302 numina
1037 2266 1195 2303 tandem

112 2323 213 2362 sessa
241 2324 376 2369 iacent,
405 2325 502 2362 odiis
532 2333 595 2362 aut
623 2332 836 2361 exsaturata
865 2325 1000 2374 quievi,

113 2384 205 2432 quin
234 2383 348 2420 etiam
376 2384 496 2433 patria
525 2396 708 2421 excussos
737 2384 874 2421 infesta
903 2397 970 2433 per
998 2384 1122 2422 undas

113 2454 205 2480 ausa
233 2443 341 2493 sequi
370 2449 406 2480 et
434 2443 607 2492 profugis
635 2450 716 2481 toto
745 2455 808 2480 me
839 2455 1036 2493 opponere
1065 2451 1196 2493 ponto.

1427 80 1506 120 217

1446 671 1506 703 270

1439 1560 1496 1600 285

1438 1870 1498 1901 ²90

1438 2166 1495 2197 295

1435 2461 1498 2491 300
