1669 2737
151 94 203 123 20
707 87 991 125 BUCOLICA.

629 327 939 370 ECLOGA
983 329 1063 369 IX.

610 451 799 486 LYCIDAs.
900 453 1075 487 MOERIS.

201 543 250 580 L.
282 543 372 589 Quo
398 550 445 589 te,
478 543 613 590 Moeri,
644 545 788 594 pedes?
827 558 887 586 an,
917 558 994 594 quo
1024 546 1082 582 via
1112 545 1226 591 ducit,
1259 547 1296 583 in
1327 546 1488 583 urbem?

201 605 263 642 M.
295 605 330 643 Ο
352 604 505 654 Lycida,
536 605 606 640 vivi
634 605 887 653 pervenimus,
917 606 1064 642 advena
1094 606 1211 642 nostri

147 664 269 714 (quod
293 675 505 712 numquam
533 664 637 700 veriti
667 662 815 713 sumus)
843 670 884 700 ut
913 676 1110 712 possessor
1139 665 1248 712 agelli

147 724 287 761 diceret
316 723 433 759 ‘haec
463 734 550 759 mea
578 730 688 768 sunt3
727 729 870 760 veteres
899 723 1058 771 migrate
1088 723 1239 761 coloni.’

147 783 261 820 Nunc
290 782 378 820 victi
406 782 538 827 tristes,
569 783 753 830 quoniam
783 782 877 819 Fors
906 783 1036 819 omnia
1064 790 1196 826 versat,
1518 796 1536 829 5

146 842 217 879 hos
246 842 296 878 illi
327 841 450 891 (quod
479 853 550 878 nec
580 849 695 878 vertat
725 841 838 891 bene)
867 841 1049 878 mittimus
1079 842 1235 879 haedos.

199 901 248 939 L.
279 901 390 939 Certe
420 901 599 950 equidem
628 902 833 946 audieram,
864 913 940 950 qua
969 913 1009 938 se
1039 902 1250 939 subducere
1280 903 1396 940 colles

146 962 331 1010 incipiunt
359 961 540 1009 mollique
569 961 700 1009 iugum
730 960 926 997 demittere
956 961 1061 1006 clivo,

146 1033 267 1070 usque
297 1020 347 1057 ad
376 1032 515 1068 aquam
545 1026 582 1056 et
610 1027 754 1056 veteres
778 1020 853 1056 iarn
883 1019 999 1057 fracta
1030 1020 1229 1057 cacumina
1260 1020 1368 1069 fagos

146 1081 278 1118 omnia
308 1079 540 1116 carminibus
569 1086 734 1115 vestrum
764 1090 932 1115 servasse
962 1078 1179 1118 Menalcan.
1499 1094 1536 1116 10

198 1138 262 1175 M.
292 1138 500 1175 Audieras:
541 1144 578 1173 et
607 1137 710 1174 fama
738 1136 826 1184 suit3
866 1137 934 1174 sed
963 1138 1130 1175 carmina
1159 1145 1307 1175 tantum

146 1206 277 1237 nostra
305 1198 438 1242 valent,
470 1196 625 1245 Lycida,
656 1197 730 1234 tela
758 1197 853 1234 inter
882 1197 1031 1242 Martia,
1062 1206 1246 1247 quantum

146 1258 340 1296 Chaonias
370 1257 501 1294 dicunt
530 1256 655 1305 aquila
683 1257 858 1293 veniente
888 1257 1096 1294 columbas.

147 1318 265 1366 Quod
294 1318 364 1354 nisi
393 1330 455 1354 me
485 1329 727 1366 quacumque
757 1329 875 1353 novas
905 1317 1071 1354 incidere
1100 1317 1182 1355 lites

146 1386 232 1416 ante
263 1378 411 1414 sinistra
440 1389 533 1414 cava
561 1376 772 1413 monuisset
802 1377 849 1413 ab
878 1376 962 1413 ilice
991 1377 1135 1421 cornix,
1498 1392 1534 1423 15

146 1450 218 1475 nec
248 1443 333 1473 tuus
362 1435 422 1473 hic
453 1435 598 1472 Moeris
627 1447 698 1472 nec
728 1435 865 1472 viveret
894 1436 975 1483 ipse
1006 1435 1214 1472 Menalcas.

199 1496 247 1533 L.
280 1496 381 1541 Heu,
412 1496 511 1533 cadit
539 1496 577 1531 in
605 1507 839 1544 quemquam
866 1502 1013 1531 tantum
1041 1495 1189 1532 scelus?
1226 1495 1310 1539 heu,
1333 1503 1395 1533 tua
1425 1496 1536 1532 nobis

146 1569 267 1606 paene
296 1556 407 1593 simul
436 1563 562 1592 tecum
592 1555 725 1591 solatia
754 1561 871 1603 rapta,
902 1554 1107 1592 Menalca?

147 1616 245 1662 Quis
274 1621 427 1652 caneret
456 1613 684 1663 Nymphas?
733 1613 830 1659 Quis
860 1613 1020 1650 humum
1050 1614 1272 1651 florentibus
1303 1614 1428 1650 herbis

146 1681 351 1724 spargeret,
381 1680 445 1710 aut
474 1674 579 1710 viridi
609 1672 733 1709 fontes
762 1672 957 1710 induceret
980 1674 1141 1711 umbra?
1497 1688 1536 1710 20

146 1734 218 1771 Vel
247 1745 344 1782 quae
375 1733 521 1780 sublegi
550 1732 685 1769 tacitus
714 1732 779 1768 tibi
808 1732 977 1768 carmina
1007 1745 1137 1780 nuper,

146 1806 235 1831 cum
264 1799 300 1830 te
328 1792 378 1829 ad
405 1792 559 1829 delicias
589 1791 702 1828 ferres
732 1790 964 1839 Amaryllida
993 1798 1165 1828 nostras:

147 1853 310 1902 ‘Tityre‚
342 1852 433 1889 dum
462 1851 578 1888 redeo
607 1849 746 1900 (brevis
775 1856 831 1887 est
860 1849 934 1900 via)
963 1862 1079 1898 pasce
1109 1850 1283 1899 capellas,

146 1919 183 1950 et
210 1919 344 1960 potum
373 1918 502 1960 pastas
532 1923 614 1959 age,
645 1909 787 1958 Tityre,
818 1916 854 1946 et
882 1910 977 1946 inter
1005 1909 1198 1958 agendum

145 1983 346 2008 occursare
375 1983 489 2019 capro
519 1968 656 2020 (cornu
686 1969 768 2005 ferit
797 1966 872 2017 ille)
902 1968 1057 2006 caveto.'
1496 1983 1534 2013 25

198 2029 258 2066 M.
291 2030 417 2066 Immo
447 2029 553 2071 haec,
583 2040 681 2077 quae
710 2027 814 2064 Varo
843 2027 1009 2064 necdum
1039 2027 1206 2076 perfecta
1237 2028 1420 2065 canebat:

148 2088 281 2134 ‘Vare,
311 2095 417 2125 tuum
447 2100 601 2131 nomen,
633 2092 782 2135 superet
810 2087 930 2124 modo
961 2086 1124 2123 Mantua
1154 2086 1277 2131 nobis,

146 2147 307 2184 Mantua
337 2160 404 2184 vae
434 2148 593 2183 miserae
623 2146 782 2182 nimium
811 2146 934 2182 vicina
964 2144 1191 2191 Cremonae,

147 2214 345 2244 cantantes
375 2207 534 2244 sublime
565 2205 685 2242 ferent
715 2205 763 2241 ad
792 2204 915 2242 sidera
944 2204 1075 2252 cycni.’

198 2265 246 2302 L.
279 2265 341 2302 Sic
370 2272 434 2302 tua
464 2265 633 2314 Cyrneas
663 2263 809 2312 fugiant
837 2263 1012 2300 examina
1042 2268 1162 2307 taxos,
1497 2276 1539 2307 50

147 2325 201 2362 sic
229 2325 349 2373 cytiso
378 2331 509 2372 pastae
539 2323 758 2360 distendant
786 2323 904 2359 ubera
933 2334 1092 2359 vaccae:

147 2384 282 2432 incipe,
314 2384 343 2420 si
375 2383 465 2432 quid
495 2383 623 2419 habes.
681 2381 730 2418 Et
758 2393 821 2418 me
851 2381 973 2418 fecere
1003 2387 1158 2429 poetam

148 2443 324 2487 Pierides,
355 2449 442 2480 sunt
471 2448 507 2478 et
537 2441 629 2478 mihi
659 2441 838 2485 carmina,
870 2453 930 2478 me
961 2451 1115 2489 quoque
1145 2439 1275 2477 dicunt
