1669 2737
148 72 195 114 31
204 59 229 99 6
720 66 757 100 A
762 66 946 104 ENEIS.

148 173 304 210 nomine
334 185 526 223 quemque
555 185 709 219 vocans,
740 174 936 223 reficitque
965 174 1004 211 in
1033 173 1178 222 proelia
1206 173 1349 221 pulsos.

149 231 270 278 ‘Quis
299 239 437 277 metus,
467 245 490 269 o
522 245 734 281 numquam
765 233 926 279 dolituri,
957 245 980 270 o
1011 245 1161 281 semper
1190 233 1328 271 inertes

149 291 349 341 Tyrrheni,
379 304 478 340 quae
506 299 611 329 tanta
640 293 776 330 animis
805 293 954 342 ignavia
982 293 1109 329 venit?

149 351 290 387 femina
318 350 489 399 palantes
519 351 596 400 agit
625 358 739 401 atque
769 352 864 389 haec
894 352 1049 400 agmina
1078 352 1206 389 vertit!

151 409 240 456 Quo
271 409 411 447 ferrum
441 410 578 459 quidve
608 410 703 448 haec
732 412 899 460 gerimus
929 410 1004 448 tela
1032 411 1133 448 irrita
1162 410 1333 448 dextris?

150 469 211 514 At,
242 481 321 506 non
351 469 390 505 in
418 468 614 507 Venerem
643 482 783 518 segnes
812 477 1077 519 nocturnaque
1105 469 1206 508 bella.

151 536 214 566 aut
243 530 308 565 ubi
337 541 450 566 curva
480 529 617 566 choros
646 530 782 567 indixit
811 530 903 567 tibia
931 530 1085 575 Bacchi,

151 594 372 638 exspectate
402 588 519 637 dapes
549 596 585 626 et
615 589 750 638 plenae
780 589 919 637 pocula
947 602 1105 627 mensae

151 648 228 699 (hic
256 660 372 693 amor,
403 648 476 684 hoe
506 646 701 697 studium),
733 648 826 685 dum
855 660 963 685 sacra
991 649 1184 686 secundus
1213 649 1405 699 haruspex

152 707 298 744 nuntiet
327 719 372 744 ac
401 707 509 744 lucos
539 714 649 744 vocet
677 707 802 744 hostia
830 708 983 755 pinguis
1012 709 1051 744 in
1081 707 1217 746 altos!'

153 766 263 804 Haec
293 765 428 803 effatus
459 778 601 814 equum
631 766 670 802 in
699 766 859 811 medios,
890 767 1093 804 moriturus
1124 775 1160 805 et
1189 768 1282 816 ipse,

152 826 316 863 concitat
345 832 382 862 et
410 825 562 862 Venulo
592 825 795 862 adversum
826 836 866 862 se
896 826 1066 864 turbidus
1097 827 1218 871 infert,

153 886 428 934 dereptumque
458 885 506 921 ab
535 896 635 933 equo
666 884 798 921 dextra
827 885 1090 933 complectitur
1119 886 1270 923 hostem

153 953 189 983 et
217 946 405 994 gremium
434 953 522 982 ante
553 958 664 982 suum
694 945 812 982 multa
841 945 876 981 vi
906 946 1079 983 concitus
1108 947 1237 984 aufert.

154 1005 315 1043 Tollitur
344 1005 382 1041 in
411 1005 558 1042 caelum
588 1005 744 1050 clamor,
775 1004 981 1053 cunctique
1011 1004 1136 1042 Latini

154 1071 371 1103 convertere
400 1064 544 1101 oculos.
602 1063 717 1100 Volat
746 1064 881 1112 igneus
910 1076 1076 1113 aequore
1107 1064 1290 1101 Tarchon

153 1137 258 1162 arma
286 1126 481 1173 virumque
511 1123 657 1170 ferens;
697 1130 778 1160 tum
808 1136 959 1161 summa
986 1125 1105 1172 ipsius
1135 1125 1182 1162 ab
1212 1125 1319 1163 hasta

154 1184 330 1233 defringit
360 1183 499 1220 ferrum
528 1190 565 1220 et
594 1190 720 1233 partes
750 1184 904 1220 rimatur
932 1190 1094 1232 apertas,

154 1256 230 1294 qua
257 1243 391 1280 vulnus
420 1242 529 1279 letale
559 1242 673 1289 ferat;
714 1249 846 1280 contra
875 1242 936 1280 ille
965 1255 1185 1291 repugnans

155 1305 312 1342 sustinet
340 1315 363 1340 a
391 1303 522 1352 iugulo
551 1302 725 1340 dextram
755 1310 791 1340 et
820 1303 895 1339 vim
924 1303 1062 1339 viribus
1090 1304 1177 1340 exit.

155 1364 284 1412 thue
313 1361 445 1399 volans
475 1362 546 1398 alte
575 1368 727 1411 raptum
757 1374 846 1399 eum
875 1361 974 1400 fulva
1003 1362 1211 1399 draconem

155 1424 224 1461 fert
253 1421 378 1471 aquila
407 1421 666 1470 implicuitque
699 1421 817 1469 pedes
847 1428 960 1470 atque
989 1421 1181 1469 unguibus
1210 1420 1342 1468 haesit,

156 1482 304 1519 saucius
334 1487 371 1517 at
401 1492 558 1528 serpens
588 1482 744 1517 sinuosa
773 1480 966 1517 volumina
995 1487 1116 1517 versat

156 1541 382 1589 arrectisque
411 1539 537 1576 horret
567 1541 736 1588 squamis
765 1547 802 1577 et
832 1540 953 1577 sibilat
982 1552 1059 1586 ore,

157 1603 296 1640 arduus
325 1601 549 1649 insurgens;
589 1601 651 1637 illa
679 1600 781 1638 haud
810 1602 935 1638 minus
964 1609 1072 1650 urget
1101 1603 1255 1640 obunco

156 1664 363 1700 luctantem
392 1668 526 1704 rostr0‚
557 1661 668 1698 simul
698 1662 850 1698 aethera
879 1663 1048 1700 verberat
1077 1663 1165 1700 alis:

158 1722 259 1759 haud
288 1721 392 1758 aliter
420 1720 603 1769 praedam
633 1720 837 1757 Tiburtum
866 1732 913 1757 ex
942 1722 1096 1769 agmine
1126 1721 1309 1758 Tarchon

158 1788 283 1832 portat
311 1793 442 1818 ovans.
498 1779 618 1817 Ducis
648 1780 866 1829 exemplum
895 1789 1149 1830 eventumque
1179 1781 1296 1818 secuti

158 1842 392 1879 Maeonidae
421 1841 625 1878 incurrunt.
682 1840 787 1877 Tum
817 1840 901 1878 fatis
932 1841 1082 1878 debitus
1111 1841 1256 1877 Arruns

158 1902 329 1938 velocem
358 1900 481 1937 iaculo
510 1906 547 1937 et
575 1900 693 1936 multa
720 1900 823 1949 prior
851 1906 930 1937 arte
960 1899 1161 1937 Camillam

160 1960 289 1997 circuit
318 1966 365 2004 et,
396 1971 494 2008 quae
524 1958 569 1995 sit
598 1958 750 1995 fortuna
779 1959 966 2003 facillima,
995 1965 1166 2007 temptat.

160 2019 250 2065 Qua
278 2031 318 2055 se
348 2030 512 2067 cumque
542 2017 667 2055 furens
698 2018 827 2055 medio
856 2018 936 2054 tulit
966 2019 1120 2066 agmine
1151 2018 1269 2066 virgo,

159 2078 230 2115 hac
261 2078 405 2115 Arruns
435 2077 535 2114 subit
564 2083 600 2114 et
629 2077 764 2114 tacitus
793 2077 949 2125 vestigia
978 2077 1134 2114 lustrat:

160 2149 236 2186 qua
265 2137 394 2173 victrix
423 2136 518 2173 redit
547 2136 609 2173 illa
637 2136 853 2185 pedemque
883 2149 929 2173 ex
960 2135 1069 2173 hoste
1099 2142 1278 2185 reportat,

159 2197 230 2234 hac
259 2196 403 2233 iuvenis
433 2195 559 2232 furtim
588 2195 730 2232 celeres
760 2195 960 2244 detorquet
987 2194 1168 2232 habenas.

161 2255 248 2292 Hos
277 2254 399 2291 aditus
428 2254 578 2302 iamque
607 2253 678 2290 hos
708 2254 831 2291 aditus
859 2265 1093 2302 omnemque
1121 2259 1287 2301 pererrat

160 2313 329 2362 undique
359 2313 555 2349 circuitum
585 2319 621 2349 et
651 2320 793 2350 certam
823 2313 941 2361 quatit
970 2312 1169 2359 improbus
1198 2311 1357 2348 hastam.

161 2373 274 2410 Forte
305 2385 412 2410 sacer
441 2371 587 2421 Cybelo
618 2371 805 2409 Chloreus
835 2372 1003 2420 olimque
1033 2371 1213 2408 sacerdos

162 2432 323 2481 insignis
352 2431 467 2481 longe
497 2431 668 2482 Phrygiis
698 2431 865 2480 fulgebat
893 2431 933 2467 in
961 2429 1076 2466 armis

1471 425 1531 456 735

1475 723 1536 755 740

1481 1614 1540 1646 755
