1669 2737
175 68 226 111 28
725 77 1010 115 GEORGJCA,

173 195 263 221 ecce
293 184 492 233 supercilio
522 184 650 223 clivosi
680 187 838 224 tramitis
867 187 1011 224 undam

175 243 299 280 elicit?
342 244 411 281 Illa
439 244 580 282 cadens
610 257 767 283 raucum
798 257 865 294 per
893 246 989 282 levia
1018 258 1189 284 murmur

174 313 265 339 saxa
294 302 378 348 ciet,
408 303 663 352 scatebrisque
693 305 836 341 arentia
865 311 1049 354 temperat
1080 317 1179 342 arva.
1503 319 1566 342 110

175 360 279 406 Quid
308 362 383 410 qui,
413 373 462 398 ne
490 363 652 410 gravidis
682 364 907 411 procumbat
936 364 1083 401 culmus
1113 364 1246 410 aristis,

173 420 358 457 luxuriem
389 428 561 469 segetum
590 427 722 458 tenera
751 422 921 471 depascit
950 424 987 459 in
1016 423 1143 468 herba,

175 491 262 516 cum
292 479 458 528 primum
488 480 615 517 sulcos
646 488 812 530 aequant
842 488 932 527 sata,
963 482 1103 531 quique
1132 481 1284 530 paludis

175 538 377 575 collectum
406 550 580 576 umorem
609 540 738 577 bibula
767 540 920 578 deducit
948 541 1117 578 harena?

176 596 400 635 Praesertim
430 598 580 636 incertis
609 599 639 636 si
669 600 865 636 mensibus
894 600 1017 637 amnis
1047 599 1250 637 abundans
1504 613 1564 646 115

176 657 253 693 exit
282 663 319 693 et
347 656 516 694 obducto
540 657 613 694 late
641 664 745 695 tenet
774 659 906 696 omnia
933 659 1037 704 limo,

176 714 277 752 unde
307 728 420 753 cavae
449 716 579 765 tepido
610 717 748 754 sudant
775 729 910 754 umore
939 718 1109 756 lacunae.

230 774 314 812 Nec
342 782 483 822 tamen,
512 776 606 813 haec
636 789 725 814 curn
756 777 830 814 sint
858 777 1134 828 hominumque
1163 779 1359 828 boumque
1388 778 1539 816 labores

175 834 363 871 versando
393 841 530 873 terram
560 836 716 885 experti,
746 836 839 873 nihil
868 838 1066 886 improbus
1095 849 1208 875 anser

178 893 495 943 Strymoniaeque
525 907 639 944 grues
668 902 704 933 et
733 896 870 933 amaris
900 896 1032 934 intuba
1061 897 1165 934 fibris
1507 912 1567 933 120

177 953 346 990 officiunt
376 962 440 991 aut
467 956 602 992 umbra
630 962 755 993 nocet.
813 956 923 993 Pater
951 957 1032 1005 ipse
1063 957 1214 994 colendi

176 1013 278 1050 haud
308 1013 455 1050 facilem
485 1026 568 1051 esse
597 1015 696 1051 viam
725 1015 853 1061 voluit,
883 1016 1105 1065 primusque
1134 1029 1202 1066 per
1230 1023 1347 1054 artem

177 1073 295 1109 movit
324 1085 437 1121 agros
466 1074 565 1111 curis
593 1086 735 1111 acuens
764 1075 938 1112 mortalia
967 1075 1094 1120 corda,

177 1143 249 1168 nec
279 1138 430 1180 torpere
460 1133 563 1180 gravi
593 1144 727 1181 passus
757 1145 826 1170 sua
855 1146 972 1182 regna
1001 1142 1166 1172 veterno.

177 1191 279 1227 Ante
308 1190 441 1227 Iovem
471 1191 562 1227 nulli
591 1192 819 1240 subigebant
849 1205 938 1230 arva
967 1193 1096 1230 coloni
1111 1206 1121 1240 ;
1507 1208 1565 1239 125

177 1261 226 1286 ne
256 1250 405 1298 signare
434 1250 589 1299 quidem
619 1258 683 1288 aut
712 1252 840 1300 partiri
869 1252 985 1290 limite
1016 1264 1196 1302 campum

178 1308 234 1346 fas
263 1316 363 1346 erat:
403 1309 442 1345 in
471 1309 641 1346 medium
671 1312 917 1359 quaerebant,
947 1313 1106 1361 ipsaque
1135 1311 1245 1349 tellus

177 1367 309 1404 omnia
337 1367 488 1405 liberius
518 1368 621 1406 nullo
652 1377 837 1418 poscente
865 1370 1020 1408 ferebat.

178 1426 244 1464 Ille
273 1426 417 1463 malum
445 1427 544 1465 virus
574 1429 811 1477 serpentibus
841 1429 986 1466 addidit
1015 1431 1102 1468 atris

177 1486 426 1536 praedarique
456 1486 567 1535 lupos
596 1488 702 1525 iussit
732 1495 972 1538 pontumque
1000 1490 1144 1526 moveri
1507 1503 1567 1533 130

178 1545 365 1594 mellaque
395 1545 561 1582 decussit
589 1546 685 1584 foliis
715 1548 921 1597 ignemque
950 1549 1118 1592 removit,

178 1612 215 1642 et
244 1604 385 1654 passim
415 1604 500 1641 rivis
529 1606 715 1642 currentia
743 1607 830 1643 vina
859 1608 1049 1656 repressit,

178 1671 219 1701 ut
247 1664 368 1701 varias
396 1676 488 1701 usus
518 1664 738 1702 meditando
768 1667 993 1704 extunderet
1022 1674 1120 1704 artes

178 1724 360 1773 paulatim
389 1730 426 1761 et
455 1724 568 1761 sulcis
597 1724 773 1762 frumenti
802 1732 1001 1774 quaereret
1028 1726 1199 1772 herbam,

179 1790 219 1820 ut
248 1783 362 1820 silicis
392 1783 497 1820 venis
527 1784 743 1820 abstrusum
774 1785 976 1822 excuderet
1004 1786 1146 1833 ignem.
1508 1799 1565 1830 135

179 1843 294 1879 Tunc
324 1842 432 1880 alnos
465 1843 631 1891 primurn
660 1843 761 1880 fluvii
792 1855 942 1881 sensere
972 1850 1123 1881 cavatas
1138 1857 1149 1890 3

179 1903 304 1939 navita
332 1909 412 1939 tum
443 1903 560 1940 stellis
590 1915 771 1940 numeros
802 1910 838 1940 et
867 1904 1026 1940 nomina
1055 1902 1142 1940 fecit

179 1961 363 2007 Pleiadas,
393 1961 565 2011 Hyadas,
596 1962 812 2011 claramque
842 1962 1034 2010 Lycaonis
1062 1963 1231 2010 Arcton;

178 2028 259 2058 tum
289 2021 433 2070 laqueis
462 2028 615 2070 captare
648 2021 744 2059 seras
773 2029 810 2058 et
839 2021 965 2058 fallere
995 2021 1097 2058 visco

178 2081 371 2117 inventum
401 2087 438 2117 et
467 2092 631 2129 magnos
660 2081 817 2118 canibus
847 2080 1081 2117 circumdare
1114 2081 1253 2127 saltus;
1508 2094 1568 2126 140

178 2146 292 2188 atque
321 2140 414 2176 alius
443 2140 561 2176 latum
591 2140 709 2176 funda
738 2139 813 2176 iam
842 2140 1015 2176 verberat
1043 2151 1209 2184 amnem,

178 2198 252 2235 alta
280 2205 425 2246 petens,
456 2198 671 2248 pelagoque
700 2198 794 2235 alius
824 2198 934 2235 trahit
965 2198 1096 2234 umida
1124 2198 1226 2245 lina3

177 2264 258 2294 tum
288 2257 373 2293 ferri
402 2258 504 2306 rigor
533 2264 646 2306 atque
676 2264 832 2306 argutae
861 2257 1002 2293 lamina
1031 2268 1156 2293 serrae

178 2317 283 2367 (nam
314 2317 423 2366 primi
454 2318 586 2355 cuneis
615 2318 841 2355 scindebant
870 2317 983 2354 fissile
1011 2316 1186 2366 lignum),

177 2385 257 2414 tum
287 2376 410 2413 variae
440 2388 576 2412 venere
606 2383 713 2413 artes.
772 2375 902 2413 Labor
934 2375 1064 2413 omnia
1091 2375 1178 2412 vicit
1508 2391 1566 2423 145

178 2436 377 2485 improbus
406 2442 443 2472 et
473 2434 575 2472 duris
604 2447 744 2484 urgens
773 2434 812 2472 in
841 2435 954 2472 rebus
983 2440 1144 2484 egestas.
