1669 2737
115 79 196 134 236
697 84 923 120 AENEJS.

114 192 222 231 Gens
250 193 397 239 eadem,
429 205 526 243 quae
554 199 603 238 te,
634 192 776 230 crudeli
805 193 958 230 Daunia
986 192 1086 230 bello

114 252 322 301 insequitur
337 265 348 299 3
387 264 459 290 nos
488 253 519 290 si
547 252 700 301 pellant,
730 252 821 289 nihil
850 252 953 289 afore
983 251 1153 296 credunt,

114 311 205 360 quin
235 323 392 348 omnem
423 310 655 360 Hesperiam
685 311 839 360 penitus
870 322 937 347 sua
967 310 1037 348 sub
1065 310 1155 358 iuga
1183 308 1334 346 mittant

114 378 151 408 et
179 382 281 408 mare
309 370 414 420 quod
444 382 560 420 supra
589 377 743 407 teneant
773 370 955 419 quodque
984 369 1087 406 alluit
1114 368 1225 406 infra.

115 430 260 479 Accipe
289 430 414 479 daque
444 430 582 467 fidem:
623 436 711 467 sunt
740 430 853 467 nobis
883 429 992 467 fortia
1022 428 1122 465 bello

115 497 283 540 pectora,
314 497 402 527 sunt
429 490 547 526 animi
576 496 613 526 et
642 490 753 526 rebus
784 495 954 538 spectata
982 486 1182 525 iuventus.'

169 550 327 587 Dixerat
357 550 522 587 Aeneas.
578 549 644 586 Ille
673 560 717 586 os
748 549 956 598 oculosque
985 548 1177 597 loquentis

116 610 338 647 iamdudum
367 616 404 647 et
432 616 555 646 totum
583 609 764 646 lustrabat
792 608 936 646 lumine
964 620 1115 657 corpus.

116 668 221 705 Tum
249 670 302 706 sic
331 680 453 718 pauca
481 667 614 705 refert:
654 667 733 705 ‘Ut
761 674 809 713 te,
840 667 1040 705 fortissime
1070 666 1278 712 Teucrum,

116 728 262 777 accipio
292 739 538 776 agnoscoque
568 727 711 764 libens!
750 733 791 764 ut
818 727 930 764 verba
958 726 1125 775 parentis

117 794 154 824 et
181 799 316 824 vocem
344 786 538 824 Anchisae
566 786 696 836 magni
725 786 945 835 vultumque
973 786 1173 823 recordor!

116 845 218 883 Nam
247 846 405 883 memini
433 840 631 882 Hesionae
660 845 845 882 visentem
874 857 994 894 regna
1022 844 1161 881 sororis

116 903 473 943 Laomedontiaden
502 904 706 949 Priamum,
739 903 932 942 Salamina
959 910 1165 952 petentem,

117 965 290 1014 protinus
319 964 507 1001 Arcadiae
537 963 686 1012 gelidos
716 964 877 1000 invisere
907 962 1011 1000 fines.

118 1024 223 1061 Tum
251 1023 344 1060 mihi
372 1023 495 1072 prima
523 1035 644 1071 genas
673 1023 830 1059 vestibat
858 1022 950 1059 flore
979 1022 1160 1067 iuventas,

117 1083 355 1132 mirabarque
385 1083 502 1119 duces
531 1082 716 1127 Teucros,
747 1081 912 1118 mirabar
940 1087 977 1117 et
1006 1080 1133 1130 ipsum

119 1142 486 1187 Laomedontiaden,
517 1142 585 1179 sed
614 1142 761 1179 cunctis
791 1141 898 1178 altior
927 1142 1005 1178 ibat

118 1203 326 1240 Anchises:
366 1201 457 1238 mihi
486 1213 595 1238 mens
625 1201 788 1237 iuvenali
817 1201 972 1238 ardebat
1001 1212 1132 1238 amore

119 1261 348 1310 compellare
377 1262 497 1297 virum
526 1266 563 1297 et
592 1259 746 1297 dextrae
777 1260 1011 1308 coniungere
1041 1260 1225 1297 dextram.

119 1321 278 1358 Accessi
306 1327 342 1357 et
370 1319 529 1368 cupidus
558 1319 701 1356 Phenei
731 1320 801 1356 sub
829 1319 983 1357 moenia
1011 1319 1113 1356 duxi.

119 1380 187 1418 Ille
215 1380 307 1417 mihi
335 1380 525 1428 insignem
553 1379 771 1428 pharetram
800 1379 1015 1428 Lyciasque
1044 1379 1200 1427 sagittas

120 1439 320 1478 discedens
350 1438 665 1488 chlamydemque
695 1451 786 1476 auro
816 1438 920 1476 dedit
949 1439 1192 1476 intertextam

119 1500 302 1548 frenaque
331 1499 420 1535 bina
449 1510 556 1534 meus
586 1510 683 1546 quae
714 1510 817 1535 nunc
846 1498 960 1535 habet
989 1510 1103 1535 aurea
1131 1496 1268 1533 Pallas·

120 1559 225 1607 Ergo
255 1566 291 1595 et
319 1569 435 1606 quam
464 1558 589 1605 petitis
618 1558 746 1594 iuncta
775 1564 832 1594 est
860 1557 952 1594 mihi
981 1556 1134 1594 foedere
1164 1556 1306 1599 dextra,

121 1625 158 1656 et
185 1618 250 1654 lux
279 1629 366 1654 curn
396 1617 560 1665 primum
589 1616 694 1653 terris
724 1628 765 1653 se
795 1616 960 1653 crastina
989 1615 1131 1661 reddet,

122 1677 260 1716 auxilio
288 1676 410 1713 laetos
439 1675 624 1712 dimittam
653 1676 866 1724 opibusque
897 1675 1046 1712 iuvabo.

122 1737 273 1774 Interea
301 1747 408 1772 sacra
436 1734 540 1779 haec,
570 1734 725 1783 quando
756 1734 828 1772 huc
857 1735 1011 1771 venistis
1040 1733 1163 1779 amici,

122 1808 260 1839 annua,
293 1807 391 1844 quae
421 1794 568 1832 differre
598 1793 715 1839 nefas,
746 1794 933 1831 celebrate
964 1794 1134 1830 faventes

123 1857 324 1894 nobiscum
353 1861 390 1892 et
418 1855 495 1891 iam
523 1865 626 1890 nunc
657 1853 849 1890 sociorum
879 1854 1086 1890 assuescite
1115 1850 1282 1889 mensis.'

178 1915 288 1953 Haec
317 1915 380 1952 ubi
409 1914 519 1959 dicta,
550 1913 667 1962 dapes
696 1914 799 1950 iubet
828 1920 864 1950 et
893 1913 1039 1950 sublata
1068 1912 1202 1962 reponi

123 1975 262 2025 pocula
289 1974 563 2022 gramineoque
593 1973 693 2010 viros
722 1973 823 2009 locat
852 1972 932 2021 ipse
963 1971 1081 2016 sedili,

123 2035 445 2085 praecipuumque
475 2041 558 2070 toro
588 2039 625 2069 et
653 2032 773 2069 villosi
803 2032 900 2081 pelle
929 2031 1050 2069 leonis

123 2095 259 2144 accipit
287 2095 445 2131 Aenean
475 2094 648 2142 solioque
677 2093 807 2129 invitat
837 2104 986 2129 acerno.

123 2154 229 2192 Tum
257 2154 342 2191 lecti
371 2154 524 2190 iuvenes
554 2152 722 2189 certatim
753 2163 916 2200 araeque
946 2150 1126 2188 sacerdos

123 2214 267 2251 viscera
295 2219 394 2250 tosta
422 2213 545 2249 ferunt
573 2219 768 2249 taurorum
798 2217 1035 2259 onerantque
1064 2209 1235 2247 canistris

125 2273 228 2310 dona
254 2272 446 2308 laboratae
475 2271 621 2309 Cereris
650 2270 921 2319 Bacchumque
950 2269 1174 2307 ministrant.

124 2331 300 2368 Vescitur
327 2331 480 2368 Aeneas
509 2330 620 2367 simul
649 2335 686 2366 et
715 2328 885 2366 Troiana
913 2328 1087 2365 iuventus

124 2389 295 2440 perpetui
323 2396 430 2438 tergo
459 2389 566 2426 bovis
595 2394 632 2426 et
660 2388 873 2425 lustralibus
903 2388 1010 2425 extis.

179 2449 389 2500 Postquam
418 2456 595 2498 exempta
624 2449 743 2486 fames
771 2455 808 2486 et
836 2460 945 2486 amor
973 2458 1216 2497 compressus
1246 2444 1395 2491 edendi,

1434 441 1496 474 150

1436 738 1496 770 155

1441 1025 1501 1057 160

1442 1320 1500 1361 165

1443 1624 1503 1657 170

1443 1922 1502 1955 175

1443 2213 1505 2245 180
