1669 2737
560 59 727 94 LIBER
756 59 828 94 IX.
866 62 996 108 107ssr
1008 52 1073 102 84.

130 168 192 206 Sic
219 180 297 213 vos,
329 180 352 205 o
381 168 477 212 lecti,
509 167 607 205 ferro
637 167 722 216 quis
753 165 926 204 scindere
955 165 1094 202 vallum

128 235 295 276 apparat,
325 234 362 264 et
390 239 542 264 mecum
571 227 711 263 invadit
740 225 966 274 trepidantia
997 225 1144 261 castra?

129 285 221 323 Non
251 286 365 323 armis
393 286 486 322 mihi
514 286 690 329 Vulcani,
720 296 799 321 non
829 284 929 320 mille
958 284 1094 320 carinis

127 353 184 383 est
213 357 310 395 opus
339 346 378 382 in
406 345 580 382 Teucros
610 344 769 394 (addant
798 355 839 380 se
867 343 1041 391 protinus
1070 354 1207 379 omnes

127 403 276 441 Etrusci
305 403 471 454 socios):
512 404 686 441 tenebras
716 408 752 439 et
780 402 914 438 inertia
944 401 1040 438 furta

127 463 283 500 Palladii
312 464 431 501 caesis
461 474 632 500 summae
661 461 884 498 custodibus
913 461 1008 497 arcis

127 535 174 558 ne
205 524 371 567 timeant,
401 534 471 559 nec
501 522 588 570 equi
618 533 734 558 caeca
764 520 975 556 condemur
1004 520 1043 555 in
1074 519 1180 556 alvo:

127 581 210 618 luce
240 581 367 629 palam
397 588 540 617 certum
569 587 625 617 est
654 580 733 628 igni
763 579 997 616 circumdare
1027 591 1168 615 muros.

128 640 245 677 Haud
275 640 344 677 sibi
375 652 461 677 cum
491 639 635 676 Danais
665 651 743 675 rem
773 638 861 674 faxo
892 644 928 674 et
957 639 1059 686 pube
1090 638 1249 687 Pelasga

127 712 210 736 esse
241 699 370 744 ferant,
400 698 592 735 decimum
620 710 717 747 quos
746 697 887 734 distulit
917 696 1063 733 Hector
1093 698 1131 734 in
1162 709 1318 735 annum.

128 757 242 795 Nune
272 758 381 801 adeo,
412 758 545 794 melior
574 758 756 806 quoniam
787 769 873 805 pars
903 763 986 793 acta
1015 756 1099 801 diei,

128 818 232 868 quod
261 823 443 865 superest,
473 817 556 853 laeti
588 818 686 854 bene
715 817 830 865 gestis
860 827 1020 864 corpora
1051 817 1162 852 rebus

127 884 336 926 procurate,
366 876 443 920 viri,
475 884 510 912 et
539 888 711 924 pugnam
742 882 892 924 sperate
924 875 1068 924 parari?

128 937 277 973 Interea
305 935 460 984 vigilum
488 935 656 971 excubiis
686 934 858 971 obsidere
889 942 1015 983 portas

127 1008 216 1033 cura
245 996 353 1032 datur
381 993 565 1042 Messapo
594 1001 630 1031 et
661 995 812 1030 moenia
840 995 991 1041 cingere
1022 994 1208 1041 ssammis;

126 1056 183 1092 bis
212 1062 357 1103 septem
388 1052 527 1098 Rutuli,
560 1065 690 1090 muros
719 1054 783 1102 qui
814 1053 930 1089 milite
961 1060 1118 1095 servent,

127 1114 283 1159 delecti;
323 1119 380 1150 ast
408 1112 490 1149 illos
520 1112 670 1149 centeni
700 1124 892 1160 quemque
923 1119 1133 1160 sequuntur

126 1173 304 1222 purpurei
333 1171 454 1209 cristis
483 1171 636 1208 iuvenes
667 1183 836 1219 auroque
867 1172 1024 1208 corusci.

126 1232 350 1269 Discurrunt
377 1231 596 1279 variantque
626 1230 736 1274 vices,
767 1230 915 1278 fusique
943 1242 1010 1278 per
1039 1229 1196 1266 herbam

126 1293 323 1341 indulgent
351 1292 438 1328 vino
468 1297 505 1327 et
533 1298 679 1327 vertunt
709 1297 870 1327 crateras
901 1295 1029 1327 aenos.

126 1352 328 1390 Collucent
357 1353 477 1400 ignes,
509 1356 662 1387 noctem
693 1350 865 1386 custodia
895 1349 999 1387 ducit

125 1413 342 1448 insomnem
372 1410 473 1447 ludo.
968 1441 970 1443 ,

180 1470 291 1507 Haec
321 1481 434 1518 super
463 1481 483 1506 e
512 1468 610 1505 vallo
639 1473 883 1517 prospectant
911 1466 1037 1504 Troes
1067 1474 1103 1504 et
1132 1468 1247 1504 armis

125 1530 199 1566 alta
227 1535 366 1569 tenent,
397 1540 468 1565 nec
498 1540 577 1565 non
608 1528 741 1576 trepidi
771 1527 974 1564 formidine
1004 1533 1133 1575 portas

124 1588 324 1636 explorant
354 1596 567 1636 pontesque
598 1593 634 1623 et
662 1585 951 1634 propugnacula
981 1585 1153 1633 iungunt,

125 1648 197 1685 tcla
224 1653 370 1695 gerunt.
428 1645 549 1682 Instat
579 1644 803 1681 Mnestheus
832 1656 994 1692 acerque
1027 1644 1209 1689 Serestus,

124 1718 221 1755 quos
251 1711 356 1754 pater
385 1704 548 1747 Aeneas,
581 1705 611 1741 si
641 1704 796 1752 quando
827 1703 984 1740 adversa
1013 1711 1206 1748 vocarent,

123 1771 286 1802 rectores
315 1765 494 1801 iuvenum
523 1771 559 1800 et
588 1775 712 1800 rerum
745 1763 848 1799 dedit
877 1775 962 1799 esse
992 1763 1203 1810 magistros.

124 1825 261 1863 Omnis
289 1837 357 1873 per
384 1836 514 1861 muros
543 1824 654 1872 legio,
685 1823 818 1860 sortita
847 1822 1044 1871 periclum,

124 1885 287 1923 excubat
315 1889 539 1931 exercetque
568 1883 681 1927 vices,
711 1881 815 1930 quod
843 1882 980 1930 cuique
1010 1880 1192 1917 tuendum
1224 1888 1289 1918 est.

178 1942 295 1980 Nisus
324 1949 402 1979 erat
430 1949 561 1990 portae
591 1949 730 1985 custos,
761 1941 964 1978 acerrimus
993 1940 1120 1985 armis,

125 2002 364 2052 Hyrtacides,
395 2002 575 2039 comitem
604 2001 758 2037 Aeneae
789 2012 901 2048 quem
932 1999 1083 2036 miserat
1114 1999 1183 2036 Ida

123 2062 291 2099 venatrix
320 2061 442 2098 iaculo
472 2061 633 2097 celerem
661 2060 879 2107 levibusque
909 2058 1053 2106 sagittis
1068 2072 1076 2103 ;

124 2123 152 2159 it
179 2122 283 2158 iuxta
311 2132 442 2158 comes
470 2119 667 2168 Euryalus,
698 2130 775 2167 quo
804 2117 997 2166 pulchrior
1027 2117 1119 2154 alter

123 2192 204 2218 non
232 2180 300 2216 fuit
328 2179 553 2215 Aeneadum
583 2178 752 2214 Troiana
779 2189 904 2225 neque
934 2176 1053 2212 induit
1082 2189 1198 2221 arma,

123 2253 190 2278 ora
219 2251 311 2288 puer
340 2238 462 2287 prima
490 2238 646 2285 signans
676 2237 827 2273 intonsa
856 2237 1016 2272 iuventa.

124 2299 197 2336 His
227 2309 334 2335 amor
363 2309 461 2333 unus
490 2304 576 2341 erat,
608 2297 822 2346 pariterque
851 2295 888 2331 in
918 2294 1015 2331 bella
1044 2295 1223 2332 ruebant:

123 2368 202 2396 turn
232 2369 385 2406 quoque
414 2356 608 2393 communi
638 2362 786 2404 portam
817 2354 977 2391 statione
1007 2355 1195 2390 tenebant.

124 2417 241 2455 Nisus
271 2417 344 2454 ait:
387 2415 507 2452 ‘Dine
536 2416 637 2452 hunc
667 2414 842 2452 ardorem
871 2413 1060 2451 mentibus
1091 2413 1245 2459 addunt,

1432 57 1514 102 255

1455 416 1515 447 150

1454 714 1509 744 155

1451 1001 1510 1032 160

1448 1296 1504 1336 165

1446 1599 1506 1631 170

1445 1896 1502 1929 175

1443 2186 1502 2215 180
