1669 2737
151 74 234 118 260
723 82 947 118 AENEIS.

150 189 264 227 molle
293 201 410 238 pecus
438 195 662 239 mutumque
691 195 807 235 metu,
838 190 961 228 fremit
989 202 1054 228 ore
1084 197 1250 229 cruento.

151 249 235 286 Nec
263 249 389 286 minor
417 248 571 297 Euryali
601 248 762 294 caedes;
802 249 980 286 incensus
1009 256 1046 286 et
1075 250 1157 298 ipse

149 308 303 357 perfurit
331 319 375 345 ac
404 307 562 344 multam
592 307 630 343 in
659 308 787 345 medio
817 308 899 345 sine
929 309 1084 346 nomine
1113 309 1277 357 plebem,

150 367 373 416 Fadumque
403 366 696 415 Herbesumque
726 367 826 404 subit
856 367 1124 416 Rhoetumque
1152 368 1400 416 Abarimque,

149 428 314 476 ignaros,
345 426 538 463 Rhoetum
567 426 785 474 vigilantem
816 434 852 464 et
881 434 1019 464 cuncta
1047 427 1250 471 videntem,

150 487 218 525 sed
246 499 431 535 magnum
459 492 632 523 metuens
661 498 701 523 se
732 493 819 535 post
849 494 991 524 cratera
1019 487 1196 536 tegebat;

149 552 305 596 pectore
335 546 374 581 in
402 545 560 582 adverso
590 551 712 582 totum
742 546 801 582 cui
831 547 1049 583 comminus
1077 557 1210 583 ensem

151 605 321 644 condidit
349 604 559 652 assurgenti
589 611 625 641 et
652 604 771 641 multa
799 612 925 642 morte
955 605 1117 654 recepit:

151 676 379 715 purpuream
410 663 523 700 vomit
551 663 609 700 ille
639 664 806 700 animam
830 671 866 701 et
896 677 983 701 cum
1013 664 1195 713 sanguine
1224 664 1345 701 mixta

151 725 237 761 vina
265 723 376 761 refert
404 723 596 767 moriens3
635 722 695 759 hic
725 722 822 759 furto
851 722 1015 760 fervidus
1045 723 1170 761 instat.

152 783 312 832 Iamque
341 781 390 819 ad
419 781 589 829 Messapi
619 782 744 818 socios
772 781 951 819 tendebat
967 795 978 828 3
1016 782 1066 818 ibi
1095 782 1226 830 ignem

152 842 313 880 deficere
342 847 552 878 extremum
583 846 619 877 et
648 840 824 888 religatos
854 841 922 877 rite
952 840 1103 877 videbat

151 914 304 951 carpere
334 912 492 949 gramen
521 911 662 949 equos:
703 900 861 937 breviter
891 913 978 937 cum
1008 900 1095 937 talia
1125 900 1242 937 Nisus

152 961 283 1011 (sensit
312 960 414 997 enim
443 959 559 996 nimia
588 959 706 996 caede
735 965 848 1007 atque
878 959 1054 1007 cupidine
1084 958 1187 1009 ferri)

152 1018 431 1057 ‘Absistamus’
461 1020 522 1063 ait,
553 1021 667 1055 ‘nam
695 1018 759 1055 lux
788 1019 942 1056 inimica
970 1019 1212 1067 propinquat.

152 1079 367 1116 Poenarum
396 1078 620 1115 exhaustum
646 1078 733 1115 satis
763 1085 829 1123 est,
861 1079 919 1114 via
949 1077 1047 1115 facta
1075 1090 1141 1126 per
1170 1076 1325 1114 hostes.’

151 1138 273 1175 Multa
301 1138 419 1174 virum
449 1137 569 1173 solido
598 1144 757 1185 argento
786 1136 954 1186 perfecta
982 1137 1199 1184 relinquunt

151 1209 330 1246 armaque
360 1203 597 1245 craterasque
628 1197 738 1233 simul
767 1196 1022 1245 pulchrosque
1053 1202 1213 1244 tapetas.

150 1257 334 1306 Euryalus
363 1255 536 1303 phaleras
566 1255 792 1293 Rhamnetis
821 1262 857 1293 et
886 1267 1000 1292 aurea
1027 1255 1138 1292 bullis

152 1315 312 1364 cingula,
342 1314 491 1351 Tiburti
520 1314 684 1351 Remulo
715 1314 920 1352 ditissimus
949 1315 1041 1351 olim

152 1387 248 1424 quae
277 1374 387 1411 mittit
416 1373 518 1410 dona
547 1373 710 1421 hospitio
740 1386 828 1410 cum
858 1374 1031 1423 iungeret
1059 1374 1198 1411 absens

153 1434 339 1472 Caedicus
369 1432 444 1483 (ille
473 1444 542 1469 suo
571 1433 738 1470 moriens
768 1433 830 1469 dat
859 1433 999 1470 habere
1029 1432 1182 1481 nepoti;

152 1499 238 1542 post
266 1499 428 1529 mortem
457 1492 556 1529 bello
588 1491 717 1528 Rutuli
748 1504 952 1541 pugnaque
981 1491 1107 1541 potiti)
1123 1504 1132 1537 ;

152 1552 245 1589 haec
274 1551 371 1599 rapit
401 1557 512 1599 atque
541 1551 682 1587 umeris
712 1552 942 1600 nequiquam
972 1550 1131 1588 fortibus
1160 1555 1273 1598 aptat.

152 1611 256 1648 Tum
285 1610 433 1659 galeam
463 1609 633 1657 Messapi
662 1609 827 1660 habilem
857 1610 1053 1658 cristisque
1084 1609 1265 1646 decoram

152 1670 281 1707 induit.
338 1668 539 1706 Excedunt
568 1669 698 1705 castris
728 1675 764 1705 et
792 1675 871 1705 tuta
900 1675 1117 1718 capessunt.

205 1729 355 1766 Interea
384 1728 577 1776 praemissi
606 1728 750 1775 equites
780 1740 825 1765 ex
854 1728 947 1764 urbe
977 1727 1122 1771 Latina,

152 1794 275 1826 cetera
303 1787 394 1824 dum
423 1786 523 1835 legio
553 1787 697 1834 campis
728 1787 908 1823 instructa
935 1791 1114 1831 moratur,

151 1848 258 1884 ibant
285 1853 323 1884 et
351 1845 485 1882 Turno
514 1846 592 1894 regi
622 1857 807 1893 responsa
835 1845 1014 1890 ferebant,

151 1913 372 1949 tercentum,
403 1905 536 1942 scutati
565 1916 711 1948 omnes,
741 1904 928 1941 Volcente
957 1903 1148 1952 magistro.

151 1965 310 2014 Iamque
341 1964 647 2013 propinquabant
676 1964 806 2000 castris
834 1975 1040 2011 murosque
1069 1963 1259 2007 subibant,

152 2036 239 2062 curn
268 2023 400 2072 procul
429 2022 500 2060 hos
529 2022 635 2059 laevo
665 2022 857 2059 flectentes
886 2022 1002 2059 limite
1032 2028 1190 2058 cernunt

151 2090 187 2120 et
215 2083 323 2131 galea
352 2082 556 2131 Euryalum
586 2082 762 2118 sublustri
792 2081 915 2118 noctis
943 2081 982 2117 in
1010 2082 1144 2117 umbra

151 2142 314 2190 prodidit
342 2142 606 2178 immemorem
635 2140 823 2189 radiisque
852 2140 1009 2177 adversa
1036 2138 1188 2176 refulsit.

152 2201 269 2237 Haud
293 2207 432 2237 temere
453 2206 508 2236 est
527 2199 660 2236 visum.
719 2198 944 2236 Conclamat
962 2199 1010 2234 ab
1030 2198 1183 2246 agmine
1204 2196 1395 2234 Volcens:

152 2260 289 2304 ‘State‚
319 2259 393 2295 viri.
453 2258 563 2304 Quae
593 2270 708 2295 causa
736 2258 842 2294 viae?
881 2257 990 2306 quive
1017 2257 1106 2294 estis
1136 2257 1173 2293 in
1203 2256 1339 2294 armis?

153 2330 276 2367 quove
305 2318 439 2355 tenetis
468 2317 583 2354 iter?’
643 2316 745 2353 Nihil
773 2317 823 2353 illi
852 2316 1005 2353 tendere
1035 2322 1177 2361 contra,

152 2377 218 2415 sed
247 2377 409 2414 celerare
438 2375 566 2424 fugam
597 2376 635 2412 in
664 2375 774 2412 silvas
802 2381 839 2411 et
870 2374 983 2411 fidere
1012 2374 1124 2411 nocti.

153 2435 345 2474 Obiiciunt
374 2435 517 2484 equites
546 2446 629 2472 sese
658 2434 707 2471 ad
736 2434 894 2471 divortia
923 2440 1014 2471 nota

1471 441 1530 471 345

1469 734 1533 766 350

1470 1031 1530 1062 355

1471 1316 1532 1357 360

1466 1612 1527 1653 365

1467 1916 1530 1948 370

1462 2211 1523 2243 375
