1669 2737
554 75 721 110 LIBER
756 75 819 111 VJ.
851 69 1066 122 770-1847·

126 196 234 222 sacra
262 185 412 222 serens?
451 196 572 222 nosco
602 185 726 222 crines
755 184 968 233 incanaque
997 191 1127 221 menta

126 244 226 292 regis
256 243 436 288 Romani,
467 244 629 292 primam
660 244 725 292 qui
753 243 901 291 legibus
931 244 1068 279 urbem

126 302 309 348 fundabit,
341 302 503 340 Curibus
532 303 654 351 parvis
684 309 721 340 et
749 314 917 351 paupere
948 310 1046 338 terra

127 362 267 399 missus
296 362 334 397 in
364 362 564 410 imperium
593 373 789 410 magnum.
847 360 919 398 Cui
949 360 1086 397 deinde
1116 360 1258 398 subibit

126 420 204 456 otia
233 420 297 469 qui
325 427 476 468 rumpet
504 420 647 469 patriae
675 420 894 468 residesque
925 420 1093 456 movebit

127 478 262 515 Tullus
290 479 330 515 in
359 491 464 515 arma
492 480 592 515 viros
622 485 658 515 et
688 479 763 515 iam
792 479 949 515 desueta
979 478 1180 526 triumphis

126 538 290 586 agmina.
351 536 480 583 Quem
509 538 613 574 iuxta
643 538 812 586 sequitur
841 538 1040 597 iQtior
1070 539 1215 582 Ancus,

126 608 228 633 nunc
257 609 412 646 quoque
441 597 515 633 iam
545 597 707 633 nimium
736 596 910 645 gaudens
939 596 1186 645 popularibus
1216 596 1325 633 auris.

126 655 196 692 Vis
225 663 261 692 et
291 656 522 705 Tarquinios
550 668 660 705 reges
689 657 934 705 animamque
964 656 1170 704 superbam

126 714 258 752 ultoris
287 714 393 752 Bruti
422 715 622 764 fascesque
652 715 778 752 videre
808 715 1012 764 receptos?

127 773 306 811 Consulis
333 774 536 822 imperium
565 775 625 811 hic
655 775 799 823 primus
829 786 1039 823 saevasque
1070 785 1222 811 secures

127 833 298 882 accipiet,
328 841 518 882 natosque
547 841 654 882 pater
683 847 784 871 nova
813 834 911 871 bella
941 841 1140 870 moventes

126 893 176 930 ad
206 905 374 941 poenam
403 893 563 942 pulchra
592 905 662 942 pro
692 893 862 930 libertate
893 894 1055 937 vocabit,

127 952 268 989 infelix.
323 951 544 1001 Utcumque
573 952 694 990 ferent
724 965 768 990 ea
798 952 898 990 facta
929 954 1108 997 minores,

126 1013 250 1049 vincet
277 1023 387 1048 amor
414 1012 557 1061 patriae
586 1012 819 1061 laudumque
849 1013 1039 1049 immensa
1069 1011 1220 1060 cupido.

127 1071 232 1118 Quin
261 1071 406 1109 Decios
435 1071 661 1121 Drusosque
692 1072 825 1121 procul
855 1084 1088 1120 saevumque
1119 1071 1243 1108 securi

126 1131 253 1179 aspice
283 1130 524 1179 Torquatum
555 1138 593 1168 et
621 1131 846 1169 referentem
877 1132 986 1179 signa
1017 1130 1234 1167 Camillum.

127 1190 218 1227 Illae
247 1198 385 1235 autem,
415 1191 568 1238 paribus
599 1203 692 1240 quas
723 1191 866 1239 fulgere
898 1192 1020 1227 cernis
1051 1191 1089 1226 in
1119 1191 1234 1226 armis

128 1250 340 1287 concordes
369 1251 519 1287 animae
548 1263 651 1287 nunc
681 1258 718 1288 et
749 1251 840 1287 dum
871 1258 985 1288 nocte
1015 1257 1249 1299 premuntur,

127 1310 202 1346 heu
232 1316 418 1358 quantum
447 1310 544 1347 inter
574 1322 614 1347 se
644 1310 793 1356 bellum,
826 1310 856 1347 si
886 1310 1030 1346 lumina
1060 1311 1156 1346 vitae

127 1369 328 1417 attigerint,
359 1377 522 1417 quantas
552 1370 652 1407 acies
683 1377 926 1418 stragemque
958 1369 1125 1413 ciebunt,

127 1429 330 1477 aggeribus
360 1440 468 1466 socer
495 1428 646 1478 Alpinis
676 1436 790 1477 atque
820 1441 904 1465 arce
936 1428 1120 1465 Monoeci

127 1487 380 1532 descendens,
410 1500 528 1536 gener
558 1488 726 1525 adversis
756 1488 961 1524 instructus
991 1486 1112 1523 Eois!

128 1545 200 1591 Ne,
230 1547 348 1595 puen·‚
379 1558 427 1583 ne
458 1553 565 1583 tanta
594 1547 730 1583 animis
760 1546 966 1584 assuescite
996 1545 1106 1590 bella,

127 1617 203 1642 neu
232 1606 376 1654 patriae
405 1605 548 1642 validas
578 1605 616 1642 in
646 1606 790 1642 viscera
819 1605 949 1641 vertite
979 1605 1098 1648 vires;

127 1671 244 1712 tuque
272 1664 386 1712 prior,
415 1670 456 1701 tu
486 1676 610 1712 parce,
639 1676 763 1713 genus
792 1664 856 1713 qui
886 1664 994 1701 ducis
1024 1663 1192 1712 Olympo
1207 1675 1220 1710 ς

127 1724 272 1772 proiice
302 1723 377 1760 tela
404 1735 534 1768 manu,
565 1724 721 1772 sanguis
750 1736 871 1760 meus.

129 1782 196 1820 Ille
225 1782 455 1831 triumphata
484 1783 675 1832 Capitolia
704 1783 753 1820 ad
782 1783 857 1819 alta
887 1781 1074 1820 Corintho

128 1842 245 1880 victor
273 1850 359 1892 aget
389 1855 554 1888 currum,
585 1844 706 1880 caesis
736 1844 897 1891 insignis
928 1843 1093 1880 Achivis.

128 1901 244 1939 Eruet
264 1902 332 1952 {ll}
360 1902 489 1950 Argos
518 1903 927 1952 Agamemnoniasque
958 1901 1144 1950 Mycenas

129 1961 332 2009 ipsumque
360 1961 568 2006 Aeaciden,
597 1973 720 2009 genus
749 1961 1013 2009 armipotentis
1043 1960 1193 2006 Achilli,

129 2019 229 2056 ultus
257 2031 349 2057 avos
379 2019 520 2057 Troiae
549 2020 693 2069 templa
723 2027 760 2057 et
789 2027 973 2056 temerata
1003 2019 1208 2056 Minervae.

131 2077 228 2124 Quis
257 2085 303 2123 te,
333 2090 474 2127 magne
504 2077 614 2124 Cato,
646 2079 803 2115 taciturn
834 2086 897 2115 aut
927 2087 974 2123 te,
1005 2078 1138 2123 Cosse,
1170 2078 1382 2127 relinquat?

131 2139 228 2186 Quis
258 2139 422 2177 Gracchi
450 2152 574 2188 genus
604 2147 668 2177 aut
697 2141 884 2189 geminos,
916 2140 992 2176 duo
1022 2139 1180 2177 fulmina
1210 2141 1306 2184 belli,

132 2198 342 2247 Scipiadas,
372 2198 522 2236 cladem
551 2198 708 2247 Libyae,
740 2210 935 2247 parvoque
965 2206 1166 2247 potentem

130 2260 346 2298 Fabricium
374 2260 434 2296 vel
461 2267 498 2297 te
529 2260 646 2303 sulco,
679 2260 851 2304 Serrane,
883 2261 1099 2297 serentem?

131 2319 222 2366 Quo
251 2319 395 2357 fessum
423 2320 563 2368 rapitis,
595 2320 725 2356 Fabii?
765 2319 830 2356 Tu
860 2319 1054 2356 Maximus
1083 2320 1143 2357 ille
1172 2332 1225 2367 es,

131 2393 231 2418 unus
261 2382 325 2430 qui
354 2381 467 2418 nobis
497 2381 718 2419 cunctando
748 2380 910 2417 restituis
940 2392 1032 2418 rem.

130 2439 334 2477 Excudent
363 2439 422 2476 alii
453 2440 633 2488 spirantia
662 2439 815 2477 mollius
845 2451 943 2486 aera,

1454 247 1517 278 810

1454 543 1515 581 815

1454 1434 1518 1473 830
