1669 2737
533 79 701 115 LIBER
730 80 825 116 ΧΗ.
856 84 1068 130 495-572·

116 187 230 225 incita
259 199 330 225 nec
359 186 506 224 domini
535 199 749 225 memorum
779 189 975 238 proculcat
1004 203 1203 240 equorum.

116 245 184 283 Ille
211 246 334 283 ruenti
363 245 481 295 Hyllo
511 247 723 296 animisque
753 248 922 286 immane
951 249 1129 287 frementi

115 305 278 342 occurrit
305 304 498 354 telumque
528 313 658 343 aurata
686 307 734 344 ad
763 314 940 357 tempora
969 316 1143 358 torquet:

115 363 178 401 olli
207 376 275 413 per
302 364 453 414 galeam
483 364 560 401 fixo
591 365 692 402 stetit
719 365 829 403 hasta
858 369 1028 405 cerebro.

114 422 284 461 Dextera
312 436 385 462 nec
413 430 478 461 tua
507 430 554 467 te,
586 423 745 461 Graium
775 425 978 464 fortissime
1009 427 1189 474 Cretheu,

114 483 248 532 eripuit
276 483 424 521 Turno.
482 481 566 520 Nec
595 482 632 519 di
661 490 787 521 texere
819 484 1050 534 Cupencum

114 543 248 580 Aenea
276 543 451 580 veniente
480 542 559 579 sui:
598 541 701 579 dedit
731 544 843 581 obvia
872 544 970 583 ferro

114 607 280 650 pectora,
311 613 383 639 nec
411 601 549 638 misero
579 600 690 650 clipei
719 614 828 640 mora
856 604 999 652 profuit
1029 607 1138 643 aerei.

114 659 175 697 Te
204 672 358 710 quoque
387 659 597 697 Laurentes
625 660 810 707 viderunt,
840 663 972 710 Aeole,
1005 667 1132 714 campi

114 726 296 769 oppetere
325 725 363 757 et
390 718 464 755 late
493 725 630 756 terram
660 728 904 759 consternere
935 730 1053 772 tergo.

115 777 281 825 Occidis,
309 778 476 827 Argivae
505 790 620 827 quem
650 792 731 818 non
760 790 918 830 potuere
944 783 1158 832 phalanges

115 844 281 875 sternere
309 849 382 875 nec
411 836 551 874 Priami
579 851 787 888 regnorum
817 853 969 878 eversor
997 842 1190 887 Achilles:

113 896 175 934 hic
203 895 270 933 tibi
298 896 433 934 mortis
463 905 569 935 erant
597 905 747 935 metae:
787 899 926 937 domus
956 900 1031 938 alta
1061 902 1131 938 sub
1162 901 1245 947 Ida,

114 956 275 1006 Lyrnesi
305 956 446 996 domus
473 958 560 1004 alta,
591 959 674 996 solo
704 959 896 997 Laurente
926 960 1156 1009 sepulcrum.

115 1016 241 1054 Totae
269 1016 367 1054 adeo
397 1028 604 1055 conversae
633 1018 744 1064 acies,
775 1031 988 1069 omnesque
1018 1020 1157 1059 Latini.

115 1088 251 1114 omnes
280 1075 537 1122 Dardanidae,
569 1076 794 1115 Mnestheus
824 1091 986 1128 acerque
1019 1078 1191 1116 Serestus

115 1143 152 1174 et
181 1136 386 1185 Messapus
415 1148 558 1185 equum
587 1136 755 1174 domitor
784 1145 821 1175 et
851 1137 956 1175 fortis
985 1138 1110 1175 Asilas

115 1195 411 1244 Tuscorumque
440 1195 608 1244 phalanx
637 1195 879 1246 Evandrique
908 1198 1080 1235 Arcades
1111 1197 1203 1243 alae,

116 1267 186 1305 pro
217 1267 256 1293 se
286 1256 448 1305 quisque
477 1256 544 1292 viri
574 1267 724 1292 summa
752 1256 923 1293 nituntur
952 1269 1072 1306 opum
1101 1258 1158 1294 vi:

115 1327 187 1352 nec
216 1326 326 1352 mora
354 1326 427 1351 nec
455 1314 614 1363 requies,
645 1323 752 1352 vasto
783 1317 991 1353 certamine
1022 1316 1193 1353 tendunt.

171 1374 249 1412 Hic
276 1381 446 1412 mentem
475 1374 631 1411 Aeneae
660 1376 833 1423 genetrix
862 1376 1118 1425 pulcherrima
1147 1377 1259 1422 misit,

115 1437 184 1475 iret
212 1443 253 1474 ut
281 1436 330 1474 ad
359 1448 489 1473 muros
518 1436 677 1485 urbique
707 1437 913 1474 adverteret
943 1450 1086 1486 agmen

116 1497 223 1534 ocius
251 1502 288 1533 et
317 1495 441 1532 subita
469 1496 634 1532 turbaret
664 1495 770 1533 clade
802 1496 970 1534 Latinos.

116 1555 184 1592 Ille
211 1561 253 1592 ut
281 1555 473 1603 vestigans
503 1554 650 1592 diversa
678 1567 746 1603 per
775 1557 931 1605 agmina
959 1556 1137 1594 Turnum

115 1615 191 1653 huc
219 1621 332 1664 atque
361 1614 437 1652 huc
467 1615 568 1652 acies
599 1615 834 1660 circumtulit,
867 1616 1001 1665 aspicit
1030 1618 1167 1654 urbem

116 1677 328 1713 immunem
355 1674 450 1712 tanti
479 1674 568 1712 belli
597 1681 710 1724 atque
739 1675 896 1724 impune
926 1676 1104 1724 quietam.

117 1733 314 1772 Continuo
342 1745 498 1783 pugnae
528 1734 701 1771 accendit
731 1735 886 1772 maioris
917 1735 1071 1784 imago:

116 1792 321 1832 Mnesthea
352 1792 649 1843 Sergestumque
679 1801 790 1831 vocat
818 1793 1032 1843 fortemque
1064 1794 1258 1833 Serestum

117 1854 294 1892 ductores
322 1853 587 1902 tumulumque
617 1854 729 1902 capit,
761 1865 838 1903 quo
869 1861 992 1892 cetera
1021 1854 1218 1892 Teucrum

117 1914 309 1953 concurrit
335 1913 439 1963 legio
468 1925 541 1951 nec
569 1919 677 1951 scuta
706 1920 770 1950 aut
800 1914 945 1963 spicula
975 1914 1085 1951 densi

117 1974 330 2024 deponunt.
388 1972 502 2012 Celso
532 1973 681 2010 medius
710 1980 814 2011 stans
845 1986 984 2023 aggere
1013 1973 1130 2011 fatur:

119 2033 203 2070 ‘Ne
231 2046 308 2083 qua
334 2033 431 2071 meis
459 2039 543 2070 esto
573 2033 682 2070 dictis
711 2044 820 2070 mora
850 2032 1036 2083 (Iuppiter
1066 2033 1137 2071 hac
1168 2032 1255 2084 stat)

117 2105 194 2131 neu
221 2094 306 2143 quis
334 2093 386 2131 ob
415 2093 611 2142 inceptum
642 2093 809 2130 subitum
837 2092 929 2128 mihi
960 2093 1113 2141 segnior
1141 2093 1206 2131 ito.

116 2147 265 2191 Urbem
292 2152 419 2198 hodie,
448 2164 605 2190 causam
633 2151 734 2197 belli,
764 2163 881 2200 regna
910 2152 994 2200 ipsa
1023 2151 1163 2198 Latini,

118 2212 157 2250 ni
184 2212 335 2250 frenum
364 2211 536 2261 accipere
565 2218 602 2249 et
630 2210 716 2248 victi
744 2223 877 2260 parere
906 2210 1079 2256 fatentur,

118 2284 249 2311 eruam
275 2278 314 2309 et
341 2262 469 2321 aequa*
492 2271 575 2309 solo
603 2270 786 2308 fumantia
816 2270 982 2307 culmina
1010 2282 1165 2320 ponam.

119 2331 271 2369 Scilicet
298 2337 530 2380 exspectem,
560 2330 675 2367 libeat
704 2330 796 2367 dum
825 2330 971 2379 proelia
1000 2329 1136 2367 Turno

118 2397 249 2428 nostra
276 2391 355 2439 pati
383 2402 588 2439 rursusque
618 2389 703 2426 velit
732 2401 957 2426 concurrere
986 2389 1130 2426 victus?

119 2448 210 2488 Hoc
240 2456 364 2499 caput,
395 2461 420 2487 0
450 2449 561 2495 cives,
590 2448 684 2486 haec
713 2448 800 2486 belli
830 2460 980 2486 summa
1008 2447 1184 2487 nefandi:

1490 88 1505 96 a

1423 91 1506 132 330

1445 563 1508 593 540

1443 858 1503 889 545

1443 1155 1505 1186 550

1441 1454 1502 1487 555

1444 1744 1507 1785 560

1444 2345 1506 2377 570
