1669 2737
472 83 688 120 ECLOGA
729 83 769 120 V.
801 78 1010 131 65—VJ.
1042 79 1111 130 48.

103 199 235 243 captus
264 205 394 231 amore
422 192 532 242 leget,
561 199 598 231 te
626 198 792 238 nostrae,
823 184 936 239 Vare‚
968 193 1144 242 myricae,

101 259 138 291 te
166 265 303 291 nemus
332 264 448 290 omne
477 259 612 300 canet;
652 265 724 290 nec
754 252 914 290 Phoebo
943 253 1084 301 gratior
1111 252 1185 288 ulla
1215 259 1282 297 est,

101 323 217 361 quam
247 312 318 350 sibi
347 324 447 361 quae
475 311 568 349 Vari
595 311 838 361 praescripsit
865 311 1008 360 pagina
1037 323 1190 348 nomen.

155 370 316 420 Pergste,
346 371 525 409 Pierides.
583 370 761 408 Chromis
791 377 828 408 et
856 370 1068 419 Mnasyllus
1097 371 1136 407 in
1165 377 1274 407 antro

103 431 274 469 Silenum
301 432 408 481 pueri
436 443 575 469 somno
603 431 729 468 videre
758 432 958 476 iacentem,

100 491 275 528 inflatum
303 491 483 529 hesterno
511 503 640 535 venas,
669 497 711 527 ut
739 502 901 539 semper,
932 490 1098 528 Iaccho:

101 556 199 587 serta
226 551 371 600 procul,
401 557 552 588 tantum
581 551 695 599 capiti
725 550 891 599 delapsa,
921 551 1108 595 iacebant,

100 615 137 646 et
164 610 289 659 gravis
317 610 440 647 attrita
468 610 662 659 pendebat
692 609 894 646 cantharus
923 621 1027 646 ansa.

100 668 282 718 Aggressi
313 668 420 719 (nam
449 681 564 718 saepe
593 681 709 706 senex
739 680 806 717 spe
837 669 1013 705 carminis
1042 668 1157 705 ambo

99 726 255 777 luserat)
284 728 456 766 iniieiunt
483 728 574 777 ipsis
603 740 651 765 ex
679 728 828 765 vincula
858 729 975 765 sertis.

100 787 222 824 Addit
250 799 290 825 se
320 788 466 825 sociam
493 787 711 837 timidisque
742 788 958 836 supervenit
987 787 1119 835 Aegle,

100 845 233 895 Aegle,
263 845 458 883 Naiadum
485 846 749 895 pulcherrima,
779 847 932 894 iamque
962 846 1102 882 videnti

100 906 318 955 sanguineis
348 905 513 942 frontem
542 906 660 942 moris
689 912 726 942 et
754 912 928 954 tempora
958 906 1090 954 pingit.

99 962 168 1001 Ille
197 964 329 1001 dolum
358 964 486 1002 ridens
516 964 629 1010 ‘Quo
658 964 808 1002 vincula
837 964 1034 1001 nectitis?'
1063 964 1195 1012 inquit.

101 1022 264 1060 ‘Solvite
292 1035 366 1069 me,
395 1023 526 1072 pueri:
568 1024 657 1061 satis
687 1030 744 1060 est
771 1024 940 1072 potuisse
970 1023 1095 1060 videri.

99 1081 282 1120 Carmina
310 1095 408 1132 quae
436 1082 545 1120 vultis
575 1084 796 1132 cognoscite
810 1096 820 1129 ;
864 1083 1032 1120 carmina
1061 1084 1179 1129 vobis,

99 1141 186 1179 huic
215 1141 317 1179 aliud
345 1142 532 1179 mercedis
561 1142 652 1179 erit.'
710 1142 829 1179 Simul
858 1143 990 1191 incipit
1019 1143 1110 1191 ipse.

99 1201 205 1240 Tum
232 1213 322 1239 vero
350 1203 389 1239 in
417 1214 620 1239 numerum
648 1201 882 1252 Faunosque
912 1203 1085 1251 ferasque
1114 1202 1259 1240 videres

98 1260 240 1306 ludere,
269 1266 348 1297 turn
379 1261 520 1309 rigidas
548 1267 696 1298 motare
726 1262 927 1298 cacumina
957 1273 1140 1310 quercus:

99 1332 171 1357 nec
200 1326 349 1357 tantum
378 1320 536 1357 Phoebo
565 1320 706 1370 gaudet
735 1320 916 1357 Parnasia
945 1333 1069 1369 rupes,

59 1408 63 1412 Α
98 1392 171 1417 nec
199 1386 348 1417 tantum
377 1379 570 1429 Rhodope
599 1380 755 1417 miratur
783 1387 820 1417 et
849 1380 1015 1417 Ismarus
1046 1380 1210 1429 Orphea.

99 1438 279 1488 Namque
308 1440 482 1485 canebat,
510 1439 565 1476 uti
592 1452 779 1488 magnum
807 1452 876 1488 per
905 1440 1017 1476 inane
1048 1449 1181 1477 coacta

99 1499 246 1535 semina
274 1504 534 1547 terrarumque
563 1499 792 1547 animaeque
820 1499 1012 1547 marisque
1043 1498 1201 1535 fuissent

98 1563 135 1595 et
162 1557 294 1606 liquidi
323 1557 434 1594 simul
462 1558 583 1607 ignis3
623 1564 664 1594 ut
693 1558 750 1595 his
780 1558 937 1595 exordia
965 1558 1098 1606 primis

98 1617 229 1654 omnia
258 1623 295 1654 et
322 1617 404 1665 ipse
432 1623 539 1654 tener
567 1617 700 1654 mundi
730 1618 963 1655 concreverit
991 1618 1115 1663 orbis;

97 1683 180 1713 tum
210 1676 344 1713 durare
372 1676 497 1713 solum
525 1682 563 1713 et
591 1676 802 1714 discludere
832 1676 958 1714 Nerea
986 1676 1112 1714 Ponto

97 1736 267 1784 coeperit
294 1741 331 1772 et
359 1747 485 1772 rerum
512 1736 695 1784 paulatim
725 1748 874 1773 sumere
903 1735 1073 1779 formas;

97 1795 251 1844 iamque
279 1806 423 1831 novum
451 1802 571 1832 terrae
600 1802 777 1844 stupeant
806 1795 996 1832 lucescere
1026 1795 1159 1840 solem,

98 1854 208 1891 altius
237 1860 351 1903 atque
380 1854 520 1891 cadant
549 1854 749 1892 summotis
778 1854 943 1891 nubibus
972 1855 1134 1898 imbres;

96 1914 280 1963 incipiant
308 1914 422 1951 silvae
451 1926 540 1951 cum
569 1914 735 1963 primum
764 1925 928 1962 surgere,
960 1925 1126 1962 cumque

95 1986 180 2011 rara
208 1985 276 2022 per
302 1974 457 2022 ignaros
486 1980 611 2010 errent
639 1973 819 2010 animalia
846 1980 1010 2010 montes.

96 2032 203 2070 Hinc
231 2032 376 2082 lapides
404 2032 569 2081 Pyrrhae
597 2033 728 2078 iactos,
760 2032 935 2069 Saturnia
962 2044 1093 2081 regna,

97 2091 376 2141 Caucasiasque
404 2091 515 2129 refert
545 2092 715 2129 volucres
745 2091 962 2141 furtumque
991 2091 1221 2129 Promethei.

95 2150 170 2189 His
198 2151 381 2200 adiungit,
411 2150 542 2200 Hylan
568 2159 708 2189 nautae
737 2163 815 2200 quo
844 2151 950 2188 fonte
978 2150 1150 2188 relictum

95 2211 335 2266 clamassent,
363 2217 405 2248 ut
431 2210 517 2248 litus
546 2210 672 2260 ‘Hyla
701 2210 824 2260 Hyla’
855 2222 970 2247 omne
999 2216 1174 2257 sonaret;

95 2276 132 2307 et
159 2269 402 2315 fortunatam,
432 2269 462 2306 si
490 2281 702 2318 numquam
731 2275 902 2306 armenta
930 2268 1100 2314 fuissent,
1145 2272 1149 2275 '

94 2329 312 2377 Pasiphaen
339 2329 438 2367 nivei
467 2329 608 2366 solatur
637 2341 768 2366 amore
796 2328 958 2365 iuvenci.

93 2387 157 2424 Ah
185 2388 291 2436 virgo
318 2387 460 2432 infelix,
491 2399 590 2436 quae
618 2394 655 2424 te
684 2387 875 2424 dementia
904 2386 1030 2435 cepit!

93 2445 288 2484 Proetides
316 2446 518 2496 implerunt
546 2446 649 2484 falsis
678 2446 885 2496 mugitibus
914 2457 1039 2495 agros,

1441 93 1488 133 13

1453 210 1490 230 10

1449 1695 1488 1726 35

1445 1991 1488 2018 40

1440 2286 1479 2317 45
