1669 2737
567 65 732 100 LIBER
762 67 812 101 X.
847 63 1025 117 29-106.

114 171 353 211 Cassandrae
382 172 566 222 impulsus
595 173 720 211 furiis:
761 186 853 211 num
883 174 1051 224 linquere
1080 180 1201 214 castra

111 231 246 269 hortati
275 244 406 270 sumus
435 240 498 269 aut
526 233 642 269 vitam
672 234 906 270 committere
935 235 1065 279 ventis,

111 302 205 328 num
233 303 352 340 puero
380 303 570 328 summam
599 291 696 337 belli,
727 303 819 328 num
849 292 1003 329 credere
1033 305 1174 338 muros,

111 348 424 400 Tyrrhenamque
453 350 568 388 fidem
597 357 662 388 aut
689 357 823 399 gentes
852 352 994 400 agitare
1023 352 1198 402 quietas?

111 408 208 454 Quis
237 409 331 447 deus
359 410 397 447 in
425 409 607 455 fraudem,
636 421 734 459 quae
763 409 857 447 dura
886 411 1055 459 potentia
1085 418 1215 449 nostra

110 468 210 516 egit?
267 467 343 505 Ubi
371 468 432 506 hic
461 468 571 514 Iuno,
602 468 813 506 demissave
841 470 1006 507 nubibus
1034 470 1129 507 Iris?

108 526 315 576 Indignum
344 534 400 565 est
428 527 544 565 Italos
572 527 730 565 Troiam
759 528 992 566 circumdare
1022 528 1187 566 flammis

109 585 329 623 nascentem
358 593 395 623 et
422 587 543 635 patria
572 586 748 624 Turnum
777 588 984 625 consistere
1016 596 1121 633 terra,

108 646 169 683 cui
197 645 393 683 Pilumnus
421 658 522 692 avus,
552 647 613 683 cui
642 647 727 684 diva
756 646 907 684 Venilia
936 656 1079 684 mater:

108 704 199 753 quid
228 705 310 742 face
339 704 531 742 Troianos
560 713 640 743 atra
668 707 743 742 vim
774 706 866 743 ferre
897 706 1053 751 Latinis,

108 776 194 800 arva
222 764 346 801 aliena
373 765 464 812 iugo
492 776 662 813 premere
691 772 804 814 atque
834 773 997 803 avertere
1027 766 1212 815 praedas?

109 822 213 869 Quid
241 834 396 860 soceros
425 823 550 871 legere
577 831 614 860 et
641 825 794 873 gremiis
823 825 1012 862 abducere
1041 834 1184 874 pactas,

107 893 242 930 pacem
271 893 378 919 orare
407 893 534 927 manu,
562 882 771 931 praefigere
800 884 992 932 puppibus
1022 884 1152 921 arma?

108 940 171 977 Tu
200 946 310 989 potes
338 940 498 978 Aenean
526 942 703 979 manibus
732 942 941 980 subducere
972 941 1130 980 Graium

107 1011 254 1049 proque
281 1000 360 1036 viro
389 999 568 1036 nebulam
596 1008 633 1038 et
661 1008 794 1038 ventos
822 1001 1030 1039 obtendere
1059 1002 1204 1047 inanes,

107 1066 146 1096 tu
174 1066 284 1107 potes
312 1059 351 1094 in
378 1058 538 1095 totidem
567 1059 726 1097 classem
755 1067 973 1097 convertere
1004 1059 1227 1110 Nymphas:

107 1128 178 1155 nos
207 1117 348 1166 aliquid
377 1116 541 1154 Rutulos
570 1125 702 1155 contra
730 1119 865 1155 iuvisse
894 1119 1100 1156 nefandum
1130 1121 1213 1157 est?

108 1177 295 1214 “Aeneas
323 1176 476 1224 ignarus
505 1177 670 1214 abest:''
711 1178 864 1226 ignarus
894 1186 930 1215 et
961 1179 1069 1215 absit.

106 1235 176 1273 Est
203 1235 356 1284 Paphus
385 1235 624 1285 Idaliumque
652 1237 728 1281 tibi,
759 1245 845 1274 sunt
874 1237 946 1274 alta
975 1236 1162 1286 Cythera:

107 1296 199 1345 quid
226 1295 419 1345 gravidam
447 1296 555 1334 bellis
583 1297 716 1334 urbem
745 1303 780 1334 et
809 1297 927 1335 corda
955 1309 1088 1346 aspera
1118 1300 1306 1347 temptas?

108 1355 242 1393 Nosne
269 1356 335 1392 tibi
362 1355 485 1393 fluxas
514 1356 699 1406 Phrygiae
728 1369 788 1395 res
817 1364 957 1395 vertere
987 1357 1105 1396 fundo

108 1417 320 1454 conamur?
357 1428 440 1461 nos,
470 1429 519 1454 an
547 1418 705 1455 miseros
734 1419 798 1466 qui
827 1417 952 1456 Troas
978 1419 1134 1457 Achivis

107 1478 270 1516 obiecit?
308 1490 406 1527 quae
435 1490 550 1516 causa
575 1478 655 1523 fuit,
685 1490 914 1528 consurgere
943 1480 982 1516 in
1011 1492 1115 1517 arma

107 1535 378 1586 Europamque
407 1536 615 1586 Asiamque
644 1544 681 1574 et
710 1537 863 1575 foedera
892 1538 1035 1575 solvere
1064 1538 1189 1575 furto?

108 1607 171 1633 me
198 1595 296 1633 duce
325 1595 541 1634 Dardanius
572 1596 746 1646 Spartam
776 1597 1007 1646 expugnavit
1035 1596 1195 1641 adulter,

108 1661 172 1692 aut
199 1665 274 1704 ego
304 1654 378 1691 tela
406 1654 493 1692 dedi
522 1656 643 1692 tovive
673 1654 863 1704 Cupidine
894 1656 1017 1693 bella?

109 1713 214 1751 Tum
242 1713 366 1750 decuit
394 1714 574 1750 metuisse
603 1715 695 1751 tuis:
736 1727 839 1752 nunc
868 1726 948 1752 sera
977 1714 1152 1763 querellis

108 1772 212 1810 haud
238 1773 343 1810 iustis
370 1773 534 1822 assurgis
562 1780 599 1810 et
626 1773 726 1810 irrita
751 1773 870 1822 iurgia
898 1773 1038 1811 iactas!

163 1832 323 1870 Talibus
351 1833 482 1869 orabat
509 1832 617 1879 Iuno,
648 1834 851 1882 cunctique
880 1833 1092 1871 fremebant

111 1891 310 1930 caelicolae
339 1903 497 1930 assensu
526 1892 639 1937 vario,
670 1905 739 1930 ceu
769 1892 922 1930 flamina
950 1893 1072 1942 prima

111 1963 200 1988 cum
228 1951 414 2000 deprensa
441 1951 604 1989 fremunt
633 1952 733 1989 silvis
761 1959 798 1989 et
827 1964 941 1989 caeca
969 1951 1140 1989 volutant

110 2023 313 2056 murmura,
341 2017 519 2048 venturos
548 2011 671 2048 nautis
700 2011 898 2061 prodentia
926 2018 1070 2048 ventos

111 2069 217 2107 Tum
244 2069 354 2108 Pater
382 2071 638 2120 omnipotens,
669 2083 794 2108 rerum
824 2071 883 2108 cui
912 2071 1031 2119 prima
1060 2076 1240 2119 potestas,

111 2128 192 2166 infit
219 2126 283 2178 (eo
313 2128 460 2166 dicente
489 2129 603 2166 deum
632 2129 770 2167 domus
798 2129 873 2166 alta
902 2129 1039 2166 silescit

112 2194 150 2225 et
177 2187 397 2225 tremefacta
425 2187 508 2225 solo
537 2187 656 2233 tellus,
687 2188 769 2225 silet
798 2188 936 2225 arduus
964 2187 1103 2233 aether,

112 2255 192 2289 tum
221 2248 372 2298 zephyri
399 2260 570 2298 posuere,
600 2249 736 2298 premit
763 2247 912 2297 placida
941 2259 1108 2296 aequora
1139 2246 1319 2297 pontus):

115 2307 310 2357 ‘Accipite
339 2319 430 2356 ergo
459 2308 594 2345 animis
623 2315 735 2358 atque
763 2306 856 2344 haec
885 2318 971 2343 mea
999 2307 1101 2355 figite
1133 2307 1241 2344 dicta.

115 2367 437 2416 Quandoquidem
467 2367 661 2404 Ausonios
690 2366 870 2415 coniungi
900 2365 1052 2402 foedere
1083 2366 1244 2404 Teucris

114 2426 217 2465 haud
244 2426 397 2472 licitum,
429 2437 499 2464 nec
529 2435 649 2464 vestra
680 2427 780 2475 capit
809 2424 997 2463 discordia
1026 2425 1163 2464 finem:

764 2507 835 2535 ‘1'2

1408 71 1489 116 275

1441 891 1482 921 80

1442 1498 1484 1529 90

1443 1791 1481 1820 95

1425 2086 1483 2108 100

1424 2381 1481 2412 105
