1669 2737
142 53 223 105 256
721 59 944 96 AENEJS.

142 165 313 215 Euryale,
345 179 394 204 an
423 178 492 204 sua
521 167 660 216 cuique
691 166 784 205 deus
813 168 853 204 fit
883 168 962 206 dira
991 167 1160 217 cupido?

141 226 218 262 Aut
247 237 417 274 pugnam
447 233 511 263 aut
540 226 679 275 aliquid
709 227 932 264 iamdudum
961 227 1140 264 invadere
1168 237 1353 275 magnum

139 296 249 321 mens
278 285 394 332 agitat
423 284 515 321 mihi
544 297 616 322 nec
645 286 794 334 placida
824 293 1006 323 contenta
1035 287 1162 335 quiete
1191 293 1261 322 est.

142 343 288 389 Cernis,
319 356 415 392 quae
447 344 609 381 Rutulos
638 345 776 382 habeat
805 346 943 382 fiducia
972 358 1110 383 rerum.

141 403 307 440 Lumina
335 415 418 440 rara
446 404 611 449 micant3
652 415 792 441 somno
821 405 987 453 vinoque
1018 405 1129 441 soluti

140 463 399 511 procubuere;
441 462 553 499 silent
582 463 654 499 late
683 463 788 509 loca;
830 465 983 513 percipe
1013 476 1141 513 porro,

142 522 233 571 quid
262 521 433 558 dubitem
463 528 500 558 et
530 534 628 570 quae
658 534 760 559 nunc
789 524 918 560 animo
949 524 1138 560 sententia
1167 528 1306 571 surgat.

143 584 305 619 Aenean
335 582 445 618 acciri
475 593 621 626 omnes,
653 583 897 630 populusque
927 590 1141 632 patresque,

143 647 357 690 exposcunt
385 640 558 688 mittique
588 641 698 685 viros,
729 641 793 689 qui
823 649 924 679 certa
952 649 1156 691 reportent.

146 700 184 736 Si
214 701 279 736 tibi
309 711 407 748 quae
435 710 556 748 posco
587 699 810 747 promittunt
842 702 949 745 (narn
979 700 1070 737 mihi
1100 701 1188 737 facti

143 759 246 796 fama
275 767 332 796 sat
361 756 445 807 est),
475 758 620 795 tumulo
650 758 779 794 videor
808 761 970 806 reperire
1000 761 1071 796 sub
1100 760 1163 797 illo

144 831 257 867 posse
286 818 385 854 viam
415 816 463 854 ad
493 829 622 853 muros
652 824 689 853 et
718 818 872 854 moenia
901 818 1118 856 Pallantea!

145 877 351 926 Obstupuit
381 888 524 924 magno
554 875 709 912 laudum
739 888 942 924 percussus
971 890 1102 915 amore

144 937 351 985 Euryalus;
395 935 505 972 simul
533 935 591 971 his
621 935 818 972 ardentem
848 936 983 973 affatur
1012 938 1203 975 amicum:

147 995 286 1032 ‘Mene
315 996 426 1043 igitur
457 995 602 1031 socium
635 995 793 1031 summis
824 995 1032 1044 adiungere
1060 1007 1186 1041 renus,

147 1054 251 1099 Nise,
282 1054 406 1103 fugis?
447 1054 571 1090 solum
601 1060 637 1090 te
666 1054 704 1089 in
734 1060 839 1090 tanta
868 1055 1034 1102 pericula
1063 1055 1238 1092 mittam?

148 1113 239 1151 Non
268 1114 317 1150 ita
346 1125 407 1149 me
438 1114 596 1161 genitor,
626 1113 734 1149 bellis
764 1121 936 1150 assuetus
966 1114 1164 1162 Opheltes,

147 1173 370 1222 Argolicum
400 1179 579 1208 terrorem
610 1173 704 1208 inter
733 1172 952 1222 Troiaeque
980 1173 1130 1210 labores

148 1233 337 1270 sublatum
367 1231 512 1274 erudiit,
543 1243 614 1268 nec
644 1238 769 1268 tecum
799 1232 887 1268 talia
915 1233 1029 1280 gessi,

147 1291 436 1340 magnanimum
468 1291 626 1326 Aenean
656 1297 693 1326 et
722 1290 797 1327 fata
826 1299 994 1328 extrema
1024 1299 1196 1329 secutus:

149 1359 206 1389 est
236 1352 305 1395 hic,
336 1358 392 1387 est
421 1352 568 1386 animus
599 1350 692 1387 lucis
724 1357 965 1400 contemptor
994 1359 1031 1388 et
1060 1353 1172 1389 istum

150 1412 214 1460 qui
244 1412 317 1447 vita
345 1412 443 1446 bene
473 1410 601 1446 credat
630 1410 716 1455 emi,
748 1422 824 1458 quo
854 1411 988 1455 tendis,
1019 1411 1232 1448 honorem.'

151 1471 268 1508 Nisus
298 1469 345 1506 ad
375 1469 491 1506 haec:
536 1469 747 1517 ‘Equidem
778 1470 824 1506 de
854 1477 890 1507 te
919 1470 972 1507 nil
1000 1471 1072 1508 tale
1101 1473 1269 1515 verebar,

151 1543 222 1567 nec
252 1530 319 1574 fas,
349 1541 438 1573 non,
469 1529 519 1565 ita
548 1541 610 1565 me
640 1529 772 1566 referat
801 1530 865 1566 tibi
895 1542 1058 1578 magnus
1088 1538 1267 1567 ovantem

152 1590 322 1638 Iuppiter
350 1596 413 1624 aut
442 1589 673 1636 quicumque
704 1589 824 1625 oculis
854 1589 948 1626 haec
977 1590 1110 1638 aspicit
1141 1590 1285 1638 aequis.

153 1648 230 1686 Sed
258 1649 289 1685 si
318 1649 413 1696 quis,
444 1661 540 1696 quae
571 1650 688 1685 multa
716 1649 820 1686 vides
852 1650 1070 1686 discrimine
1101 1650 1174 1695 tali,

153 1708 183 1745 si
212 1707 296 1756 quis
325 1707 362 1743 in
393 1707 593 1743 adversum
623 1708 741 1756 rapiat
771 1713 928 1744 casusve
959 1709 1111 1753 deusve,

153 1775 189 1804 te
219 1778 415 1815 superesse
443 1766 577 1811 velim;
618 1773 682 1802 tua
711 1766 785 1802 vita
815 1767 965 1815 dignior
994 1774 1107 1804 aetas.

156 1826 211 1863 Sit
238 1825 302 1874 qui
331 1837 392 1861 me
421 1831 570 1873 raptum
599 1837 730 1874 pugna
759 1826 926 1874 pretiove
956 1827 1196 1875 redemptum

154 1885 311 1922 mandet
339 1884 458 1921 humo
489 1884 608 1929 solita,
639 1892 703 1921 aut
733 1886 762 1921 si
793 1898 867 1934 qua
895 1885 933 1922 id
963 1886 1131 1923 Fortuna
1159 1886 1308 1931 vetabit,

156 1945 301 1982 absenti
330 1943 423 1980 ferat
452 1943 602 1981 inferias
632 1944 864 1993 decoretque
895 1945 1081 1993 sepulcro.

157 2003 244 2041 Neu
273 2004 382 2040 matri
410 2003 570 2040 miserae
599 2004 691 2040 tanti
721 2005 792 2040 sim
822 2016 936 2041 causa
966 2004 1121 2050 doloris,

157 2076 254 2113 quae
283 2071 318 2100 te
348 2063 438 2107 sola,
470 2075 572 2112 puer,
603 2064 729 2100 multis
760 2077 780 2101 e
810 2065 993 2101 matribus
1022 2076 1114 2101 ausa

156 2123 392 2172 persequitur
420 2123 549 2170 magni
579 2135 648 2159 nec
679 2124 832 2160 moenia
863 2130 966 2160 curat
995 2123 1182 2160 Acestae!

158 2181 224 2218 Ille
254 2190 380 2217 autem
411 2181 578 2218 ‘Causas
609 2182 841 2231 nequiquam
870 2182 991 2219 nectis
1020 2183 1167 2227 inanes,

157 2252 229 2277 nec
257 2252 344 2277 mea
372 2240 447 2276 iam
476 2248 619 2277 mutata
647 2241 734 2278 loco
764 2242 950 2278 sententia
979 2241 1099 2278 cedit:

159 2299 434 2336 acceleremus’
465 2300 524 2336 ait.
582 2299 727 2348 Vigiles
757 2301 867 2337 simul
898 2300 1047 2344 excitat,
1079 2300 1154 2336 illi-

160 2358 368 2396 succedunt
398 2366 621 2407 servantque
650 2360 774 2396 vices:
816 2360 978 2396 statione
1007 2359 1135 2395 relicta

160 2419 242 2467 ipse
271 2429 402 2455 comes
433 2418 528 2455 Niso
559 2418 735 2466 graditur,
766 2430 974 2467 regemque
1003 2419 1207 2467 requirunt.

1471 477 1531 508 190

1473 772 1531 804 195

1473 1069 1535 1093 200

1474 1367 1534 1397 ²05

1477 1665 1539 1687 210

1481 1961 1539 1993 215

1482 2257 1544 2279 220
