1669 2737
574 63 789 99 ECLOGA
822 66 873 101 X.
910 69 986 112 1-7
996 73 1031 101 1.

115 172 295 211 Arcades.
353 171 390 211 O
418 172 510 210 mihi
538 179 620 210 tum
649 185 766 222 quam
794 172 957 211 molliter
985 185 1074 211 ossa
1103 174 1311 223 quiescant,

114 239 236 269 vestra
263 243 371 269 meos
399 232 490 269 olim
520 232 551 269 si
580 232 703 269 fistula
731 232 831 270 dicat
860 234 1037 270 amores!

114 291 242 339 Atque
271 290 416 327 utinam
445 303 492 328 ex
520 291 628 328 vobis
656 303 756 328 unus
784 291 972 340 vestrique
1007 291 1169 329 fuissem

114 356 178 386 aut
207 356 336 387 custos
364 350 490 398 gregis
520 357 585 387 aut
612 357 782 387 maturae
809 349 947 387 vinitOr
976 352 1091 387 uvae!

115 407 227 446 Certe
256 409 332 446 sive
360 409 452 445 mihi
481 409 621 458 Phyllis
650 409 727 446 sive
757 416 857 447 esset
884 409 1073 458 Amyntas

115 479 182 504 seu
212 467 442 517 quicumque
471 467 575 505 furor
605 466 714 519 (quid
744 474 836 512 tum,
869 468 900 506 si
928 468 1056 506 fuscus
1085 468 1300 517 Amyntas?

114 526 163 563 Et
191 528 322 576 nigrae
350 527 472 565 violae
501 533 587 564 sunt
616 534 652 564 et
680 527 851 564 vaccinia
879 526 1015 578 nigra),

114 598 267 622 mecum
295 586 393 623 inter
421 587 553 623 salices
581 586 683 623 lenta
713 587 784 623 sub
813 587 886 624 vite
919 587 1079 625 iaceret:

115 652 214 682 serta
242 644 334 682 mihi
362 645 502 694 Phyllis
531 646 684 695 legeret,
715 652 884 683 cantaret
914 646 1115 695 Amyntas.

115 703 193 741 Hic
222 703 336 752 gelidi
364 704 503 749 fontes,
532 705 593 742 hic
621 705 750 742 mollia
779 712 896 754 prata,
927 705 1077 754 Lycori,

114 762 175 800 hic
204 775 367 801 nemus:
407 764 468 802 hic
496 764 580 813 ipso
611 771 738 802 tecum
768 777 1013 802 consumerer
1042 777 1149 803 aevo.
1201 788 1205 790 v

116 821 231 859 Nunc
260 823 416 861 insanus
444 823 567 861 Amor
596 824 678 861 duri
707 836 769 860 me
799 823 932 861 Martis
962 824 1000 860 in
1030 825 1143 861 armis

115 881 190 919 tela
216 882 313 919 inter
340 883 468 921 media
497 890 611 933 atque
641 883 822 920 adversos
853 883 995 921 detinet
1023 883 1178 921 hostes:

115 948 156 977 tu
184 941 317 990 procul
345 954 368 979 a
395 943 517 992 patria
546 943 635 994 (nec
664 943 711 980 sit
739 943 830 979 mihi
859 943 1012 980 credere
1041 942 1205 994 tantum)

115 1000 275 1049 Alpinas
304 1001 353 1039 ah
383 1002 476 1039 dura
504 1002 610 1040 nives
639 1009 676 1040 et
704 1001 844 1051 frigora
873 1002 1001 1039 Rheni

115 1072 178 1097 me
207 1061 289 1099 sine
317 1062 398 1100 sola
425 1063 539 1100 vides.
597 1062 659 1099 Ah
689 1069 725 1100 te
756 1074 804 1099 ne
833 1062 975 1111 frigora
1004 1062 1183 1100 laedant!

115 1120 178 1157 Ah
207 1121 274 1158 tibi
302 1134 352 1159 ne
379 1129 530 1160 teneras
559 1122 701 1171 glacies
731 1129 834 1160 secet
863 1134 998 1171 aspera
1026 1122 1197 1171 plantas!

115 1179 188 1216 Ibo
217 1187 254 1217 et
283 1180 505 1219 Chalcidico
534 1194 632 1231 quae
662 1188 748 1219 sunt
776 1181 870 1218 mihi
900 1182 1054 1219 condita
1081 1193 1190 1219 versu

116 1239 284 1277 carmina
311 1241 474 1289 pastoris
505 1240 620 1278 Siculi
647 1241 877 1278 modulabor
907 1253 1038 1278 avena.

116 1297 275 1336 Certum
303 1307 359 1338 est
387 1300 426 1337 in
455 1300 553 1338 silvis
581 1301 678 1338 inter
706 1301 858 1349 spelaea
888 1300 1051 1337 ferarum

116 1357 227 1395 malle
256 1360 334 1407 pati
363 1360 580 1410 tenerisque
608 1372 718 1397 meos
747 1360 912 1397 incidere
941 1372 1094 1397 amores

116 1417 337 1456 arboribus:
377 1426 550 1456 crescent
577 1419 673 1463 illae,
704 1419 880 1456 crescetis
909 1431 1071 1456 amores.

117 1476 268 1515 Interea
295 1478 424 1516 mixtis
453 1479 621 1516 lustrabo
652 1477 834 1515 Maenala
862 1478 1064 1527 Nymphis,

116 1542 181 1573 aut
210 1548 316 1574 acres
343 1538 512 1575 venabor
540 1549 666 1586 apros.
724 1537 817 1574 Non
846 1550 908 1574 me
937 1537 1012 1574 ulla
1041 1538 1222 1575 vetabunt

117 1595 258 1644 frigora
286 1595 511 1634 Parthenios
542 1598 700 1635 canibus
731 1596 964 1634 circumdare
995 1597 1120 1634 saltus.

117 1655 202 1692 Iam
230 1649 322 1692 mihi
350 1668 419 1705 per
447 1668 559 1705 rupes
588 1656 719 1693 videor
746 1655 931 1705 lucosque
960 1663 1140 1693 sonantes

116 1713 179 1759 ire,
209 1713 298 1752 libet
326 1713 467 1752 Partho
497 1722 674 1764 torquere
704 1714 881 1765 Cydonia
910 1727 1031 1752 cornu

117 1773 273 1822 spicula.
331 1774 554 1824 Tamquam
583 1775 678 1811 haec
707 1775 754 1811 sit
782 1774 902 1811 nostri
929 1774 1121 1811 medicina
1150 1774 1297 1821 furoris,

116 1839 181 1869 aut
209 1832 302 1870 deus
332 1832 393 1870 ille
421 1834 531 1871 malis
558 1833 762 1870 hominurn
791 1833 990 1871 mitescere
1020 1834 1162 1871 discat!

116 1891 200 1929 Iam
229 1905 354 1942 neque
384 1892 678 1943 Hamadryades
707 1905 834 1930 rursus
864 1905 989 1942 neque
1019 1894 1188 1931 carmina
1218 1894 1329 1931 nobis

115 1945 402 2001 ipsa‘placent;
441 1952 546 2001 ipsae
574 1964 702 1989 rursus
731 1952 929 1990 concedite
959 1952 1084 1990 silvae.

116 2011 210 2049 Non
237 2011 343 2049 illum
370 2011 491 2064 nostri
519 2018 683 2061 possunt
710 2019 855 2049 mutare
882 2012 1056 2050 labores:

116 2083 188 2108 nec
217 2071 249 2109 si
276 2070 477 2120 frigoribus
505 2071 640 2108 mediis
669 2070 922 2120 Hebrumque
951 2072 1137 2117 bibamus,

117 2129 387 2180 SithOniasque
415 2130 521 2182 nives
549 2129 686 2167 hiemis
716 2131 920 2167 subeamus
950 2143 1128 2179 aquosae,

115 2201 187 2226 nec
210 2183 257 2236 si,
286 2202 375 2227 cum
403 2190 572 2227 moriens
600 2190 674 2227 alta
703 2189 797 2226 liber
826 2196 905 2227 aret
932 2190 971 2226 in
1000 2189 1118 2235 ulmo,

115 2244 350 2297 Aethiopum
378 2260 572 2286 versemus
601 2260 692 2286 oves
721 2249 792 2286 sub
822 2248 944 2286 sidere
974 2247 1122 2286 Cancri.

117 2305 259 2344 Omnia
287 2307 400 2345 vincit
429 2308 573 2344 Amor:
613 2314 651 2345 et
680 2319 752 2344 nos
781 2307 964 2345 cedamus
992 2307 1149 2344 Amori.’

170 2365 281 2403 Haec
310 2373 366 2403 sat
394 2367 473 2411 erit,
504 2367 622 2411 divae,
652 2373 818 2404 vestrum
847 2367 1028 2404 cecinisse
1058 2374 1223 2416 poetam,

116 2424 206 2462 dum
237 2424 345 2463 sedet
373 2431 410 2463 et
437 2424 566 2475 gracili
594 2425 777 2463 fiscellam
806 2426 898 2463 texit
924 2425 1084 2471 hibisco,

1450 74 1470 102 ²
1477 75 1501 115 3

1463 603 1505 634 40

1463 1198 1505 1230 50

1466 1496 1505 1528 55

1465 1734 1507 1764 59
