1669 2737
147 72 223 111 124
717 67 944 104 AENEJS.

140 174 374 224 nequiquam
402 174 647 224 ingeminans
677 174 890 224 iterumque
921 175 1135 224 iterumque
1164 174 1308 212 vocavi.

141 232 351 278 Quaerenti
379 240 417 270 et
445 234 553 271 tectis
581 234 686 271 urbis
715 235 796 272 sine
827 235 902 272 fine
934 235 1056 272 ruenti

140 292 269 329 infelix
298 293 542 330 simulacrum
572 299 686 342 atque
715 294 835 343 ipsius
864 295 1002 331 umbra
1031 293 1199 331 Creusae

139 351 220 388 visa
248 351 340 388 mihi
369 359 458 389 ante
487 352 620 390 oculos
649 360 687 390 et
712 346 808 391 ‘nota
835 354 958 391 maior
986 354 1130 402 imago.

141 409 344 460 Obstupui,
373 418 632 461 steteruntque
662 424 797 450 comae
826 420 863 450 et
891 425 966 450 vox
997 412 1168 450 saucibus
1197 411 1328 449 haesit.

140 469 245 507 Tum
275 471 328 507 sic
357 471 465 508 affari
493 478 531 508 et
560 484 670 509 curas
699 471 757 510 his
787 472 941 510 demere
971 472 1103 510 dictis:

141 529 280 575 “Quid
309 536 456 567 tantum
484 531 621 569 insano
651 533 753 569 iuvat
782 532 980 581 indulgere
1009 532 1145 577 dolori,

140 601 164 626 o
193 589 313 626 dulcis
342 589 542 627 coniunx?
581 603 662 628 non
691 591 787 629 haec
816 592 898 629 sine
927 591 1086 629 numine
1116 591 1244 628 divum

138 648 338 695 eveniunt;
378 661 450 687 nec
479 656 517 686 te
547 649 637 687 hinc
667 651 848 688 comitem
878 658 1076 700 asportare
1106 649 1292 687 Creusam

137 708 195 746 fas
224 716 288 746 aut
316 709 376 747 ille
406 710 494 747 sinit
523 711 649 760 superi
678 717 859 760 regnator
889 710 1057 760 Olympi.

138 769 277 819 Longa
305 771 373 807 tibi
402 771 543 817 exsilia,
573 778 611 808 et
639 778 788 808 vastum
817 772 931 809 maris
960 784 1105 821 aequor
1135 771 1348 809 arandum:

138 838 176 869 et
203 837 341 869 terram
371 832 602 882 Hesperiam
630 833 771 879 venies,
800 833 866 870 ubi
895 832 1039 882 Lydius
1068 845 1156 870 arva

137 890 235 928 inter
263 892 395 941 opima
423 892 544 929 virum
572 891 648 929 leni
677 891 759 929 fluit
787 892 940 940 agmine
971 891 1150 941 Thybris.

136 949 218 987 Illic
246 962 307 988 res
335 950 456 988 laetae
486 963 725 1000 regnumque
753 957 791 988 et
820 951 925 1000 regia
955 951 1124 988 coniunx

136 1015 243 1057 parta
271 1010 361 1047 tibi:
401 1009 578 1047 lacrimas
608 1010 766 1047 dilectae
795 1010 893 1059 pelle
924 1008 1103 1047 Creusae.

136 1067 229 1106 Non
258 1081 333 1117 ego
362 1068 651 1118 Myrmidonum
682 1069 792 1106 sedes
821 1069 1067 1118 Dolopumve
1097 1068 1281 1118 superbas

135 1129 319 1178 aspiciam
348 1136 412 1166 aut
441 1128 566 1166 Graiis
595 1129 775 1166 servitum
804 1130 987 1166 matribus
1015 1129 1080 1166 ibo

134 1187 325 1226 Dardanis
354 1194 392 1225 et
419 1188 527 1225 divae
557 1188 719 1225 Veneris
748 1200 887 1234 nurus;

135 1248 205 1286 sed
233 1260 296 1284 me
324 1260 469 1296 magna
498 1247 614 1285 deum
644 1247 828 1285 Genetrix
857 1248 915 1285 his
945 1248 1089 1286 detinet
1117 1248 1207 1286 oris.

135 1309 296 1358 Iamque
325 1309 407 1346 vale
438 1314 475 1345 et
503 1309 581 1345 nati
612 1320 717 1345 serva
746 1309 963 1346 communis
994 1308 1202 1346 amorem.”

134 1368 246 1406 Haec
269 1369 334 1405 ubi
363 1368 465 1405 dicta
494 1368 609 1413 dedit,
640 1368 903 1405 lacrimantem
932 1374 969 1405 et
998 1368 1118 1405 multa
1146 1367 1338 1405 volentem

135 1429 260 1466 dicere
291 1429 467 1473 deseruit,
496 1435 708 1477 tenuesque
737 1428 894 1465 recessit
922 1428 962 1464 in
991 1440 1113 1465 auras.

134 1488 214 1526 Ter
243 1495 403 1525 conatus
431 1488 483 1524 ibi
512 1487 611 1524 collo
642 1487 732 1524 dare
762 1486 942 1524 bracchia
972 1488 1141 1534 circum;

133 1554 190 1584 ter
218 1546 353 1584 frustra
382 1558 612 1594 comprensa
640 1558 779 1583 manus
808 1546 941 1594 effugit
969 1546 1112 1594 imago,

132 1618 202 1655 par
230 1606 375 1643 levibus
404 1605 525 1643 ventis
554 1605 773 1654 volucrique
804 1605 996 1642 simillima
1026 1616 1177 1642 somno.

134 1666 196 1704 Sic
226 1666 384 1703 demum
414 1665 542 1703 socios
571 1672 803 1714 consumpta
832 1670 945 1701 nocte
975 1664 1111 1701 reviso.

187 1725 340 1774 ‘Atque
368 1724 429 1762 hic
458 1725 655 1773 ingentem
686 1725 871 1761 comitum
900 1723 1093 1760 affluxisse
1123 1733 1310 1759 novorum

131 1784 283 1822 invenio
312 1784 504 1821 admirans
533 1794 746 1827 numerum,
777 1788 994 1831 matresque
1024 1782 1211 1831 virosque,

132 1844 331 1882 collectam
360 1842 495 1880 exsilio
524 1843 680 1891 pubem,
710 1841 923 1878 miserabile
952 1840 1097 1889 vulgus.

130 1902 314 1951 Undique
343 1914 569 1947 convenere,
601 1901 738 1939 animis
768 1900 984 1949 opibusque
1013 1900 1133 1948 parati

129 1963 170 1999 in
199 1973 462 2012 quascumque
491 1960 603 1998 velim
632 1960 772 2009 pelago
802 1958 990 1996 deducere
1020 1965 1150 1996 terras.

130 2022 290 2071 Iamque
319 2021 417 2070 iugis
447 2032 619 2057 summae
650 2020 829 2067 surgebat
858 2017 1009 2055 Lucifer
1039 2017 1134 2054 Idae

128 2081 370 2130 ducebatque
400 2080 513 2126 diem,
543 2078 747 2127 Danaique
776 2078 934 2114 obsessa
961 2077 1146 2114 tenebant

128 2142 259 2178 limina
286 2147 495 2190 portarum,
525 2151 597 2176 nec
626 2150 715 2187 spes
744 2137 830 2186 opis
858 2136 933 2173 ulla
963 2136 1150 2175 dabatur:

128 2200 227 2238 cessi
254 2206 292 2237 et
321 2199 472 2237 sublato
501 2204 653 2236 montes
683 2197 854 2246 genitore
883 2195 1011 2246 petivi.

1476 184 1539 218 770

1474 482 1535 517 775

1467 1378 1530 1414 790

1465 1677 1526 1710 795

1463 1964 1526 1995 800
