1669 2737
595 91 765 127 LIBER
794 91 828 125 J.
861 96 1073 140 342-419·

140 213 260 248 arcuS,
290 207 328 239 et
355 213 376 239 e
404 207 519 251 pastu
547 200 740 239 decedens
770 199 925 248 agmine
952 210 1097 247 magno

139 274 342 300 corvorum
370 261 558 310 increpuit
588 260 717 298 densis
746 259 934 297 exercitus
964 259 1043 296 alis.

139 321 222 359 Iam
251 322 376 359 variae
404 321 532 370 pelagi
560 320 733 358 volucres
762 325 800 356 et
829 331 927 368 quae
956 318 1049 355 Asia
1078 318 1220 355 circum

139 381 312 419 dulcibus
339 382 380 418 in
409 380 554 428 stagnis
582 379 766 416 rimantur
794 385 903 427 prata
932 377 1093 427 Caystri,

138 440 308 477 certatim
335 440 465 488 largos
492 438 634 476 umeris
662 438 861 475 infundere
890 449 1019 474 rores:

138 510 241 536 nunc
271 505 385 548 caput
414 499 608 535 obiectare
638 497 752 543 fretis,
782 509 885 534 nunc
915 508 1064 533 currere
1093 496 1132 532 in
1163 495 1287 532 undas

138 564 176 595 et
204 557 331 595 studio
359 558 552 595 incassum
580 557 710 594 videas
739 556 878 605 gestire
906 555 1069 592 lavandi.

138 616 243 654 Tum
273 617 408 654 cornix
436 616 551 665 plena
579 615 746 665 pluviam
775 622 885 652 vocat
914 615 1092 663 improba
1120 625 1215 651 voce

137 683 175 712 et
204 676 286 713 sola
314 676 355 713 in
384 676 486 713 sicca
515 687 646 712 secum
677 675 861 724 spatiatur
889 674 1043 711 harena.

138 734 199 771 Ne
229 741 416 772 nocturna
445 734 600 783 quidem
630 741 829 783 carpentes
859 745 979 782 pensa
1007 732 1156 782 puellae

137 794 331 831 nescivere
359 794 537 838 hiemem,
567 800 663 830 testa
692 804 780 830 curn
810 792 966 829 ardente
994 792 1166 828 viderent

138 853 339 891 scintillare
367 852 495 890 oleum
525 859 563 889 et
591 857 720 901 putres
750 863 997 889 concrescere
1026 851 1178 899 fungos.

191 911 275 949 Nec
302 912 429 949 minus
459 924 506 949 ex
534 912 645 948 imbri
675 911 775 948 soles
805 918 841 948 et
870 918 1001 959 aperta
1031 921 1164 947 serena

136 972 355 1021 prospicere
385 977 422 1008 et
451 971 562 1008 certis
591 970 733 1019 poteris
763 981 1000 1018 cognoscere
1031 968 1172 1017 signis:

136 1043 227 1068 nam
256 1043 382 1080 neque
410 1037 492 1067 tum
523 1030 636 1068 stellis
667 1030 768 1067 acies
798 1030 935 1066 obtusa
963 1029 1121 1072 videtur,

136 1103 210 1128 nec
238 1090 362 1128 fratris
391 1090 505 1127 radiis
535 1090 706 1127 obnoxia
735 1101 890 1138 surgere
920 1088 1044 1134 Luna,

136 1150 264 1187 tenuia
292 1161 364 1186 nec
392 1149 502 1186 lanae
532 1161 600 1197 per
629 1148 777 1186 caelum
807 1148 943 1185 vellera
972 1147 1083 1193 ferri3

135 1220 216 1246 non
244 1209 415 1258 tepidum
443 1208 493 1245 ad
521 1208 642 1245 solem
672 1219 821 1258 pennas
849 1208 889 1244 in
918 1207 1027 1244 litore
1056 1206 1231 1255 pandunt

107 1297 109 1303 ,
137 1268 295 1305 dilectae
324 1267 481 1305 Thetidi
510 1267 702 1316 alcyones,
733 1279 812 1304 non
843 1278 907 1303 ore
937 1266 1083 1303 solutos

135 1327 324 1364 immundi
352 1327 561 1364 meminere
592 1338 680 1363 sues
710 1326 849 1362 iactare
879 1325 1081 1374 maniplos.

135 1387 189 1423 At
217 1386 379 1424 nebulae
407 1386 531 1435 magis
560 1385 637 1422 ima
665 1392 799 1434 petunt
830 1396 1046 1434 campoque
1076 1385 1315 1428 recumbunt,

136 1446 228 1483 solis
258 1453 295 1484 et
324 1457 505 1484 occasum
535 1457 688 1482 servans
718 1445 765 1482 de
795 1445 962 1482 culmine
985 1441 1146 1481 summo

135 1506 370 1554 nequiquam
399 1516 504 1542 seros
533 1511 682 1541 exercet
711 1511 852 1541 noctua
882 1511 1028 1541 cantus.

134 1565 308 1614 Apparet
334 1564 480 1613 liquido
509 1563 679 1600 sublimis
709 1563 749 1599 in
778 1567 863 1600 ae're
893 1562 1024 1608 Nisus,

134 1631 171 1660 et
200 1636 271 1673 pro
299 1635 491 1673 purpureo
520 1634 668 1672 poenas
699 1623 762 1659 dat
792 1622 918 1672 Scylla
946 1622 1108 1671 capillo:

134 1695 377 1732 quacumque
405 1683 467 1719 illa
494 1682 616 1719 levem
645 1682 795 1732 fugiens
825 1689 927 1720 secat
957 1682 1110 1720 aethera
1139 1683 1288 1731 pennis,

133 1755 225 1780 ecce
253 1743 431 1780 inimicus
459 1749 569 1779 atrox
597 1754 743 1791 magno
773 1742 933 1779 stridore
963 1754 1032 1790 per
1061 1754 1173 1779 auras

133 1802 344 1851 insequitur
372 1801 511 1848 Nisus;
551 1813 628 1850 qua
656 1814 696 1839 se
725 1801 797 1838 fert
826 1801 944 1838 Nisus
975 1801 1023 1838 ad
1052 1814 1175 1846 auras,

132 1862 195 1899 illa
221 1862 343 1899 levem
372 1861 525 1910 fugiens
552 1861 691 1910 raptim
721 1868 824 1899 secat
853 1861 1005 1898 aethera
1033 1861 1182 1910 pennis.

133 1920 238 1958 Tum
266 1921 429 1970 liquidas
459 1920 561 1958 corvi
590 1932 725 1970 presso
753 1927 810 1957 ter
838 1927 988 1969 gutture
1019 1931 1134 1956 voces

132 1987 197 2017 aut
225 1987 358 2029 quater
385 1980 637 2028 ingeminant,
668 1986 705 2017 et
734 1992 850 2029 saepe
880 1979 1068 2017 cubilibus
1097 1979 1179 2017 altis

132 2039 264 2077 nescio
293 2051 370 2088 qua
397 2047 546 2087 praeter
575 2039 729 2077 solitum
760 2039 961 2076 dulcedine
991 2039 1079 2075 laeti

132 2099 228 2136 inter
256 2110 297 2136 se
325 2099 364 2136 in
393 2098 492 2136 foliis
521 2099 718 2148 strepitant
732 2112 744 2146 3
781 2099 881 2135 iuvat
910 2098 1091 2135 imbribus
1121 2099 1214 2136 actis

132 2158 358 2208 progeniem
386 2169 543 2207 parvam
572 2157 779 2207 dulcesque
808 2158 967 2195 revisere
998 2157 1132 2194 nidos:

132 2216 235 2254 haud
263 2216 443 2266 equidem
471 2216 597 2263 credo,
628 2218 718 2266 quia
747 2217 793 2254 sit
821 2216 997 2254 divinitus
1027 2216 1098 2253 illis

132 2279 329 2329 ingenium
358 2285 423 2317 aut
451 2291 576 2316 rerum
605 2278 682 2316 fato
712 2276 913 2328 prudentia
943 2277 1064 2314 maior
1078 2289 1090 2323 3

132 2351 263 2377 verum
291 2339 356 2376 ubi
384 2345 592 2388 tempestas
622 2344 659 2374 et
688 2336 782 2374 caeli
811 2335 964 2372 mobilis
993 2347 1106 2374 umor

132 2405 324 2436 mutavere
353 2398 431 2435 vias
461 2405 498 2435 et
527 2396 698 2446 Iuppiter
728 2395 862 2432 uvidus
891 2394 1040 2433 Austris

133 2457 267 2495 denset
297 2463 404 2495 erant
433 2468 532 2507 quae
561 2468 645 2493 rara
673 2455 804 2499 modo,
835 2462 871 2491 et
901 2467 999 2504 quae
1030 2455 1147 2494 densa
1179 2455 1329 2500 relaxat,

790 2532 865 2558 D2

1478 97 1502 139 Ο)

1507 95 1532 136 01

1472 747 1533 777 390

1470 1043 1531 1075 395

1467 1341 1530 1370 4:³0

1468 1640 1531 1671 405

1462 2233 1522 2265 415
