<?xml version="1.0" encoding="UTF-8"?>
<!DOCTYPE html PUBLIC "-//W3C//DTD XHTML 1.0 Transitional//EN"
    "http://www.w3.org/TR/xhtml1/DTD/xhtml1-transitional.dtd">
<html xmlns="http://www.w3.org/1999/xhtml" xml:lang="en" lang="en">
 <head>
  <title>
</title>
<meta http-equiv="Content-Type" content="text/html;charset=utf-8" />
  <meta name='ocr-system' content='tesseract 3.04.00' />
  <meta name='ocr-capabilities' content='ocr_page ocr_carea ocr_par ocr_line ocrx_word'/>
</head>
<body>
  <div class='ocr_page' id='page_1' title='image "./operavirgilwithi01virguoft_0335.png"; bbox 0 0 1669 2737; ppageno 0'>
   <div class='ocr_carea' id='block_1_1' title="bbox 537 65 1052 118">
    <p class='ocr_par' dir='ltr' id='par_1_1' title="bbox 537 65 1052 118">
     <span class='ocr_line' id='line_1_1' title="bbox 537 65 1052 118; baseline -0.002 -12"><span class='ocrx_word' id='word_1_1' title='bbox 537 70 704 106; x_wconf 79' lang='lat' dir='ltr'><em>LIBER</em></span> <span class='ocrx_word' id='word_1_2' title='bbox 732 70 806 106; x_wconf 77' lang='lat' dir='ltr'>IX.</span> <span class='ocrx_word' id='word_1_3' title='bbox 840 65 1052 118; x_wconf 84' lang='lat'>574-651.</span> 
     </span>
    </p>
   </div>
   <div class='ocr_carea' id='block_1_2' title="bbox 105 180 1283 2475">
    <p class='ocr_par' dir='ltr' id='par_1_2' title="bbox 106 180 1283 631">
     <span class='ocr_line' id='line_1_2' title="bbox 107 180 1035 230; baseline -0.002 -13"><span class='ocrx_word' id='word_1_4' title='bbox 107 186 345 229; x_wconf 88' lang='lat' dir='ltr'>comportare</span> <span class='ocrx_word' id='word_1_5' title='bbox 374 180 477 218; x_wconf 90' lang='lat' dir='ltr'>iuvat</span> <span class='ocrx_word' id='word_1_6' title='bbox 505 180 667 230; x_wconf 85' lang='lat' dir='ltr'>praedas</span> <span class='ocrx_word' id='word_1_7' title='bbox 697 186 733 217; x_wconf 89' lang='lat' dir='ltr'>et</span> <span class='ocrx_word' id='word_1_8' title='bbox 762 180 884 216; x_wconf 84' lang='lat' dir='ltr'>vivere</span> <span class='ocrx_word' id='word_1_9' title='bbox 913 185 1035 228; x_wconf 88' lang='lat' dir='ltr'>rapto.</span> 
     </span>
     <span class='ocr_line' id='line_1_3' title="bbox 106 238 1078 288; baseline -0.001 -13"><span class='ocrx_word' id='word_1_10' title='bbox 106 238 228 276; x_wconf 91' lang='lat' dir='ltr'>Vobis</span> <span class='ocrx_word' id='word_1_11' title='bbox 255 239 357 288; x_wconf 89' lang='lat' dir='ltr'>picta</span> <span class='ocrx_word' id='word_1_12' title='bbox 385 251 500 277; x_wconf 90' lang='lat' dir='ltr'>croco</span> <span class='ocrx_word' id='word_1_13' title='bbox 529 245 567 276; x_wconf 91' lang='lat' dir='ltr'>et</span> <span class='ocrx_word' id='word_1_14' title='bbox 595 238 751 287; x_wconf 87' lang='lat' dir='ltr'>fulgenti</span> <span class='ocrx_word' id='word_1_15' title='bbox 781 238 925 275; x_wconf 92' lang='lat' dir='ltr'>murice</span> <span class='ocrx_word' id='word_1_16' title='bbox 954 238 1078 282; x_wconf 90' lang='lat' dir='ltr'>vestis,</span> 
     </span>
     <span class='ocr_line' id='line_1_4' title="bbox 107 297 962 346; baseline -0.002 -11"><span class='ocrx_word' id='word_1_17' title='bbox 107 297 273 335; x_wconf 86' lang='lat' dir='ltr'>desidiae</span> <span class='ocrx_word' id='word_1_18' title='bbox 303 298 418 344; x_wconf 93' lang='lat' dir='ltr'>cordi,</span> <span class='ocrx_word' id='word_1_19' title='bbox 448 299 548 335; x_wconf 90' lang='lat' dir='ltr'>iuvat</span> <span class='ocrx_word' id='word_1_20' title='bbox 577 298 772 346; x_wconf 91' lang='lat' dir='ltr'>indulgere</span> <span class='ocrx_word' id='word_1_21' title='bbox 802 297 962 342; x_wconf 77' lang='lat' dir='ltr'>choreis,</span> 
     </span>
     <span class='ocr_line' id='line_1_5' title="bbox 107 356 1180 394; baseline -0.001 -1"><span class='ocrx_word' id='word_1_22' title='bbox 107 363 145 394; x_wconf 90' lang='lat' dir='ltr'>et</span> <span class='ocrx_word' id='word_1_23' title='bbox 173 357 322 394; x_wconf 89' lang='lat' dir='ltr'>tunicae</span> <span class='ocrx_word' id='word_1_24' title='bbox 351 357 522 394; x_wconf 87' lang='lat' dir='ltr'>manicas</span> <span class='ocrx_word' id='word_1_25' title='bbox 551 364 588 394; x_wconf 91' lang='lat' dir='ltr'>et</span> <span class='ocrx_word' id='word_1_26' title='bbox 616 357 757 394; x_wconf 89' lang='lat' dir='ltr'>habent</span> <span class='ocrx_word' id='word_1_27' title='bbox 786 356 1008 393; x_wconf 89' lang='lat' dir='ltr'>redimicula</span> <span class='ocrx_word' id='word_1_28' title='bbox 1036 356 1180 393; x_wconf 85' lang='lat' dir='ltr'>mitrae.</span> 
     </span>
     <span class='ocr_line' id='line_1_6' title="bbox 107 414 1283 467; baseline -0.002 -14"><span class='ocrx_word' id='word_1_29' title='bbox 107 414 144 453; x_wconf 91' lang='lat' dir='ltr'>O</span> <span class='ocrx_word' id='word_1_30' title='bbox 172 428 258 453; x_wconf 91' lang='lat' dir='ltr'>vere</span> <span class='ocrx_word' id='word_1_31' title='bbox 287 416 473 467; x_wconf 71' lang='lat' dir='ltr'>Phrygiae</span> <span class='ocrx_word' id='word_1_32' title='bbox 503 416 643 466; x_wconf 89' lang='lat' dir='ltr'>(neque</span> <span class='ocrx_word' id='word_1_33' title='bbox 672 416 775 453; x_wconf 91' lang='lat' dir='ltr'>enim</span> <span class='ocrx_word' id='word_1_34' title='bbox 805 414 1002 465; x_wconf 85' lang='lat' dir='ltr'>Phryges),</span> <span class='ocrx_word' id='word_1_35' title='bbox 1033 416 1082 452; x_wconf 89' lang='lat' dir='ltr'>ite</span> <span class='ocrx_word' id='word_1_36' title='bbox 1110 427 1179 463; x_wconf 89' lang='lat' dir='ltr'>per</span> <span class='ocrx_word' id='word_1_37' title='bbox 1209 415 1283 452; x_wconf 91' lang='lat' dir='ltr'>alta</span> 
     </span>
     <span class='ocr_line' id='line_1_7' title="bbox 106 467 1197 524; baseline -0.003 -12"><span class='ocrx_word' id='word_1_38' title='bbox 106 467 311 524; x_wconf 81' lang='lat' dir='ltr'>Dindyma,</span> <span class='ocrx_word' id='word_1_39' title='bbox 342 476 407 512; x_wconf 92' lang='lat' dir='ltr'>ubi</span> <span class='ocrx_word' id='word_1_40' title='bbox 437 475 598 512; x_wconf 82' lang='lat' dir='ltr'>assuetis</span> <span class='ocrx_word' id='word_1_41' title='bbox 627 475 788 512; x_wconf 87' lang='lat' dir='ltr'>biforem</span> <span class='ocrx_word' id='word_1_42' title='bbox 818 474 882 511; x_wconf 89' lang='lat' dir='ltr'>dat</span> <span class='ocrx_word' id='word_1_43' title='bbox 911 474 1003 511; x_wconf 89' lang='lat' dir='ltr'>tibia</span> <span class='ocrx_word' id='word_1_44' title='bbox 1031 480 1197 519; x_wconf 89' lang='lat' dir='ltr'>cantum,</span> 
     </span>
     <span class='ocr_line' id='line_1_8' title="bbox 106 532 1174 584; baseline -0.002 -13"><span class='ocrx_word' id='word_1_45' title='bbox 106 542 288 584; x_wconf 89' lang='lat' dir='ltr'>tympana</span> <span class='ocrx_word' id='word_1_46' title='bbox 316 547 384 572; x_wconf 90' lang='lat' dir='ltr'>vos</span> <span class='ocrx_word' id='word_1_47' title='bbox 413 536 614 584; x_wconf 83' lang='lat' dir='ltr'>buxusque</span> <span class='ocrx_word' id='word_1_48' title='bbox 642 542 753 572; x_wconf 90' lang='lat' dir='ltr'>vocat</span> <span class='ocrx_word' id='word_1_49' title='bbox 783 534 1010 583; x_wconf 88' lang='lat' dir='ltr'>Berecyntia</span> <span class='ocrx_word' id='word_1_50' title='bbox 1039 532 1174 570; x_wconf 86' lang='lat' dir='ltr'>Matris</span> 
     </span>
     <span class='ocr_line' id='line_1_9' title="bbox 107 592 1040 631; baseline -0.002 0"><span class='ocrx_word' id='word_1_51' title='bbox 107 593 269 631; x_wconf 89' lang='lat' dir='ltr'>Idaeae:</span> <span class='ocrx_word' id='word_1_52' title='bbox 310 595 420 631; x_wconf 90' lang='lat' dir='ltr'>sinite</span> <span class='ocrx_word' id='word_1_53' title='bbox 450 606 554 631; x_wconf 91' lang='lat' dir='ltr'>arma</span> <span class='ocrx_word' id='word_1_54' title='bbox 583 594 668 631; x_wconf 92' lang='lat' dir='ltr'>viris</span> <span class='ocrx_word' id='word_1_55' title='bbox 698 601 735 631; x_wconf 92' lang='lat' dir='ltr'>et</span> <span class='ocrx_word' id='word_1_56' title='bbox 764 594 886 631; x_wconf 85' lang='lat' dir='ltr'>cedite</span> <span class='ocrx_word' id='word_1_57' title='bbox 916 592 1040 630; x_wconf 62' lang='lat' dir='ltr'>ferro?</span> 
     </span>
    </p>

    <p class='ocr_par' dir='ltr' id='par_1_3' title="bbox 105 652 1267 2475">
     <span class='ocr_line' id='line_1_10' title="bbox 159 652 1056 690; baseline -0.002 0"><span class='ocrx_word' id='word_1_58' title='bbox 159 652 272 690; x_wconf 82' lang='lat' dir='ltr'>Talia</span> <span class='ocrx_word' id='word_1_59' title='bbox 301 653 505 690; x_wconf 87' lang='lat' dir='ltr'>iactantem</span> <span class='ocrx_word' id='word_1_60' title='bbox 535 652 643 690; x_wconf 87' lang='lat' dir='ltr'>dictis</span> <span class='ocrx_word' id='word_1_61' title='bbox 672 664 716 690; x_wconf 91' lang='lat' dir='ltr'>ac</span> <span class='ocrx_word' id='word_1_62' title='bbox 746 652 827 690; x_wconf 89' lang='lat' dir='ltr'>dira</span> <span class='ocrx_word' id='word_1_63' title='bbox 855 660 1056 689; x_wconf 86' lang='lat' dir='ltr'>canentem</span> 
     </span>
     <span class='ocr_line' id='line_1_11' title="bbox 106 711 1132 761; baseline -0.001 -13"><span class='ocrx_word' id='word_1_64' title='bbox 106 723 186 749; x_wconf 91' lang='lat' dir='ltr'>non</span> <span class='ocrx_word' id='word_1_65' title='bbox 214 711 295 749; x_wconf 91' lang='lat' dir='ltr'>tulit</span> <span class='ocrx_word' id='word_1_66' title='bbox 324 712 524 757; x_wconf 89' lang='lat' dir='ltr'>Ascanius,</span> <span class='ocrx_word' id='word_1_67' title='bbox 554 724 748 761; x_wconf 88' lang='lat' dir='ltr'>nervoque</span> <span class='ocrx_word' id='word_1_68' title='bbox 778 713 961 749; x_wconf 90' lang='lat' dir='ltr'>obversus</span> <span class='ocrx_word' id='word_1_69' title='bbox 991 712 1132 759; x_wconf 89' lang='lat' dir='ltr'>equino</span> 
     </span>
     <span class='ocr_line' id='line_1_12' title="bbox 105 770 1044 820; baseline -0.001 -13"><span class='ocrx_word' id='word_1_70' title='bbox 105 770 268 808; x_wconf 90' lang='lat' dir='ltr'>intendit</span> <span class='ocrx_word' id='word_1_71' title='bbox 295 770 413 808; x_wconf 90' lang='lat' dir='ltr'>telum</span> <span class='ocrx_word' id='word_1_72' title='bbox 442 771 665 820; x_wconf 89' lang='lat' dir='ltr'>diversaque</span> <span class='ocrx_word' id='word_1_73' title='bbox 694 771 872 808; x_wconf 89' lang='lat' dir='ltr'>bracchia</span> <span class='ocrx_word' id='word_1_74' title='bbox 901 770 1044 807; x_wconf 88' lang='lat' dir='ltr'>ducens</span> 
     </span>
     <span class='ocr_line' id='line_1_13' title="bbox 107 830 1192 879; baseline -0.002 -11"><span class='ocrx_word' id='word_1_75' title='bbox 107 831 285 876; x_wconf 88' lang='lat' dir='ltr'>constitit,</span> <span class='ocrx_word' id='word_1_76' title='bbox 314 838 402 868; x_wconf 88' lang='lat' dir='ltr'>ante</span> <span class='ocrx_word' id='word_1_77' title='bbox 431 830 564 868; x_wconf 91' lang='lat' dir='ltr'>Iovem</span> <span class='ocrx_word' id='word_1_78' title='bbox 594 831 754 879; x_wconf 82' lang='lat' dir='ltr'>supplex</span> <span class='ocrx_word' id='word_1_79' title='bbox 783 843 851 879; x_wconf 92' lang='lat' dir='ltr'>per</span> <span class='ocrx_word' id='word_1_80' title='bbox 878 836 966 867; x_wconf 88' lang='lat' dir='ltr'>vota</span> <span class='ocrx_word' id='word_1_81' title='bbox 994 836 1192 879; x_wconf 89' lang='lat' dir='ltr'>precatus:</span> 
     </span>
     <span class='ocr_line' id='line_1_14' title="bbox 108 889 1161 939; baseline -0.001 -13"><span class='ocrx_word' id='word_1_82' title='bbox 108 889 300 939; x_wconf 88' lang='lat' dir='ltr'>‘Iuppiter</span> <span class='ocrx_word' id='word_1_83' title='bbox 327 890 583 939; x_wconf 88' lang='lat' dir='ltr'>omnipotens,</span> <span class='ocrx_word' id='word_1_84' title='bbox 613 891 820 927; x_wconf 89' lang='lat' dir='ltr'>audacibus</span> <span class='ocrx_word' id='word_1_85' title='bbox 850 901 976 926; x_wconf 85' lang='lat' dir='ltr'>annue</span> <span class='ocrx_word' id='word_1_86' title='bbox 1006 890 1161 937; x_wconf 91' lang='lat' dir='ltr'>coeptis.</span> 
     </span>
     <span class='ocr_line' id='line_1_15' title="bbox 108 947 1140 999; baseline -0.002 -14"><span class='ocrx_word' id='word_1_87' title='bbox 108 947 197 998; x_wconf 88' lang='lat' dir='ltr'>Ipse</span> <span class='ocrx_word' id='word_1_88' title='bbox 225 948 292 985; x_wconf 89' lang='lat' dir='ltr'>tibi</span> <span class='ocrx_word' id='word_1_89' title='bbox 320 949 369 986; x_wconf 91' lang='lat' dir='ltr'>ad</span> <span class='ocrx_word' id='word_1_90' title='bbox 397 956 462 986; x_wconf 90' lang='lat' dir='ltr'>tua</span> <span class='ocrx_word' id='word_1_91' title='bbox 490 949 632 999; x_wconf 89' lang='lat' dir='ltr'>templa</span> <span class='ocrx_word' id='word_1_92' title='bbox 661 949 777 986; x_wconf 87' lang='lat' dir='ltr'>feram</span> <span class='ocrx_word' id='word_1_93' title='bbox 809 948 1008 986; x_wconf 82' lang='lat' dir='ltr'>sollemnia</span> <span class='ocrx_word' id='word_1_94' title='bbox 1037 947 1140 984; x_wconf 89' lang='lat' dir='ltr'>dona</span> 
     </span>
     <span class='ocr_line' id='line_1_16' title="bbox 106 1007 1106 1046; baseline -0.002 -2"><span class='ocrx_word' id='word_1_95' title='bbox 106 1015 144 1045; x_wconf 91' lang='lat' dir='ltr'>et</span> <span class='ocrx_word' id='word_1_96' title='bbox 173 1014 335 1045; x_wconf 87' lang='lat' dir='ltr'>statuam</span> <span class='ocrx_word' id='word_1_97' title='bbox 363 1015 450 1045; x_wconf 86' lang='lat' dir='ltr'>ante</span> <span class='ocrx_word' id='word_1_98' title='bbox 479 1021 562 1046; x_wconf 87' lang='lat' dir='ltr'>aras</span> <span class='ocrx_word' id='word_1_99' title='bbox 591 1016 722 1046; x_wconf 90' lang='lat' dir='ltr'>aurata</span> <span class='ocrx_word' id='word_1_100' title='bbox 751 1008 874 1045; x_wconf 88' lang='lat' dir='ltr'>fronte</span> <span class='ocrx_word' id='word_1_101' title='bbox 903 1007 1106 1044; x_wconf 90' lang='lat' dir='ltr'>iuvencum</span> 
     </span>
     <span class='ocr_line' id='line_1_17' title="bbox 108 1065 1209 1118; baseline -0.003 -14"><span class='ocrx_word' id='word_1_102' title='bbox 108 1067 336 1104; x_wconf 90' lang='lat' dir='ltr'>candentem</span> <span class='ocrx_word' id='word_1_103' title='bbox 364 1067 576 1117; x_wconf 86' lang='lat' dir='ltr'>pariterque</span> <span class='ocrx_word' id='word_1_104' title='bbox 606 1074 721 1118; x_wconf 89' lang='lat' dir='ltr'>caput</span> <span class='ocrx_word' id='word_1_105' title='bbox 750 1079 837 1105; x_wconf 92' lang='lat' dir='ltr'>cum</span> <span class='ocrx_word' id='word_1_106' title='bbox 866 1073 984 1103; x_wconf 90' lang='lat' dir='ltr'>matre</span> <span class='ocrx_word' id='word_1_107' title='bbox 1014 1065 1209 1109; x_wconf 88' lang='lat' dir='ltr'>ferentem,</span> 
     </span>
     <span class='ocr_line' id='line_1_18' title="bbox 107 1123 1230 1176; baseline -0.004 -13"><span class='ocrx_word' id='word_1_108' title='bbox 107 1125 183 1164; x_wconf 85' lang='lat' dir='ltr'>iam</span> <span class='ocrx_word' id='word_1_109' title='bbox 214 1138 335 1164; x_wconf 90' lang='lat' dir='ltr'>cornu</span> <span class='ocrx_word' id='word_1_110' title='bbox 363 1132 465 1175; x_wconf 88' lang='lat' dir='ltr'>petat</span> <span class='ocrx_word' id='word_1_111' title='bbox 494 1135 530 1164; x_wconf 92' lang='lat' dir='ltr'>et</span> <span class='ocrx_word' id='word_1_112' title='bbox 558 1128 721 1176; x_wconf 87' lang='lat' dir='ltr'>pedibus</span> <span class='ocrx_word' id='word_1_113' title='bbox 750 1127 814 1176; x_wconf 89' lang='lat' dir='ltr'>qui</span> <span class='ocrx_word' id='word_1_114' title='bbox 844 1132 997 1175; x_wconf 83' lang='lat' dir='ltr'>spargat</span> <span class='ocrx_word' id='word_1_115' title='bbox 1024 1123 1230 1161; x_wconf 67' lang='lat' dir='ltr'>harenam!</span> 
     </span>
     <span class='ocr_line' id='line_1_19' title="bbox 108 1186 991 1235; baseline -0.003 -11"><span class='ocrx_word' id='word_1_116' title='bbox 108 1186 239 1224; x_wconf 87' lang='lat' dir='ltr'>Audiit</span> <span class='ocrx_word' id='word_1_117' title='bbox 267 1193 305 1224; x_wconf 88' lang='lat' dir='ltr'>et</span> <span class='ocrx_word' id='word_1_118' title='bbox 334 1186 427 1224; x_wconf 89' lang='lat' dir='ltr'>caeli</span> <span class='ocrx_word' id='word_1_119' title='bbox 457 1186 619 1224; x_wconf 89' lang='lat' dir='ltr'>Genitor</span> <span class='ocrx_word' id='word_1_120' title='bbox 648 1187 695 1224; x_wconf 92' lang='lat' dir='ltr'>de</span> <span class='ocrx_word' id='word_1_121' title='bbox 724 1193 830 1235; x_wconf 87' lang='lat' dir='ltr'>parte</span> <span class='ocrx_word' id='word_1_122' title='bbox 859 1197 991 1223; x_wconf 86' lang='lat' dir='ltr'>serena</span> 
     </span>
     <span class='ocr_line' id='line_1_20' title="bbox 109 1245 1017 1292; baseline -0.001 -9"><span class='ocrx_word' id='word_1_123' title='bbox 109 1246 273 1283; x_wconf 87' lang='lat' dir='ltr'>intonuit</span> <span class='ocrx_word' id='word_1_124' title='bbox 300 1245 460 1292; x_wconf 88' lang='lat' dir='ltr'>laevum,</span> <span class='ocrx_word' id='word_1_125' title='bbox 490 1253 603 1284; x_wconf 86' lang='lat' dir='ltr'>sonat</span> <span class='ocrx_word' id='word_1_126' title='bbox 630 1258 707 1283; x_wconf 90' lang='lat' dir='ltr'>una</span> <span class='ocrx_word' id='word_1_127' title='bbox 735 1245 856 1282; x_wconf 86' lang='lat' dir='ltr'>fatifer</span> <span class='ocrx_word' id='word_1_128' title='bbox 885 1257 1017 1282; x_wconf 86' lang='lat' dir='ltr'>arcus:</span> 
     </span>
     <span class='ocr_line' id='line_1_21' title="bbox 109 1304 1052 1354; baseline -0.002 -11"><span class='ocrx_word' id='word_1_129' title='bbox 109 1305 242 1354; x_wconf 87' lang='lat' dir='ltr'>effugit</span> <span class='ocrx_word' id='word_1_130' title='bbox 270 1304 503 1343; x_wconf 88' lang='lat' dir='ltr'>horrendum</span> <span class='ocrx_word' id='word_1_131' title='bbox 532 1305 693 1343; x_wconf 89' lang='lat' dir='ltr'>stridens</span> <span class='ocrx_word' id='word_1_132' title='bbox 722 1305 887 1342; x_wconf 90' lang='lat' dir='ltr'>adducta</span> <span class='ocrx_word' id='word_1_133' title='bbox 916 1305 1052 1353; x_wconf 90' lang='lat' dir='ltr'>sagitta</span> 
     </span>
     <span class='ocr_line' id='line_1_22' title="bbox 108 1362 1220 1414; baseline -0.003 -12"><span class='ocrx_word' id='word_1_134' title='bbox 108 1376 254 1414; x_wconf 91' lang='lat' dir='ltr'>perque</span> <span class='ocrx_word' id='word_1_135' title='bbox 283 1371 396 1414; x_wconf 88' lang='lat' dir='ltr'>caput</span> <span class='ocrx_word' id='word_1_136' title='bbox 425 1364 577 1402; x_wconf 89' lang='lat' dir='ltr'>Remuli</span> <span class='ocrx_word' id='word_1_137' title='bbox 605 1365 708 1401; x_wconf 86' lang='lat' dir='ltr'>venit</span> <span class='ocrx_word' id='word_1_138' title='bbox 737 1371 773 1402; x_wconf 91' lang='lat' dir='ltr'>et</span> <span class='ocrx_word' id='word_1_139' title='bbox 803 1376 895 1401; x_wconf 84' lang='lat' dir='ltr'>cava</span> <span class='ocrx_word' id='word_1_140' title='bbox 922 1370 1096 1412; x_wconf 88' lang='lat' dir='ltr'>tempora</span> <span class='ocrx_word' id='word_1_141' title='bbox 1124 1362 1220 1400; x_wconf 90' lang='lat' dir='ltr'>ferro</span> 
     </span>
     <span class='ocr_line' id='line_1_23' title="bbox 109 1422 1125 1473; baseline -0.002 -12"><span class='ocrx_word' id='word_1_142' title='bbox 109 1424 295 1473; x_wconf 85' lang='lat' dir='ltr'>transigit.</span> <span class='ocrx_word' id='word_1_143' title='bbox 354 1423 407 1469; x_wconf 76' lang='lat'>⁴1,</span> <span class='ocrx_word' id='word_1_144' title='bbox 436 1424 557 1461; x_wconf 91' lang='lat' dir='ltr'>verbis</span> <span class='ocrx_word' id='word_1_145' title='bbox 586 1424 760 1460; x_wconf 91' lang='lat' dir='ltr'>virtutem</span> <span class='ocrx_word' id='word_1_146' title='bbox 789 1422 902 1459; x_wconf 92' lang='lat' dir='ltr'>illude</span> <span class='ocrx_word' id='word_1_147' title='bbox 931 1423 1125 1472; x_wconf 85' lang='lat' dir='ltr'>superbis:</span> 
     </span>
     <span class='ocr_line' id='line_1_24' title="bbox 109 1480 1267 1533; baseline -0.004 -12"><span class='ocrx_word' id='word_1_148' title='bbox 109 1483 167 1521; x_wconf 89' lang='lat' dir='ltr'>bis</span> <span class='ocrx_word' id='word_1_149' title='bbox 195 1484 295 1532; x_wconf 89' lang='lat' dir='ltr'>capti</span> <span class='ocrx_word' id='word_1_150' title='bbox 323 1483 493 1533; x_wconf 86' lang='lat' dir='ltr'>Phryges</span> <span class='ocrx_word' id='word_1_151' title='bbox 522 1483 616 1520; x_wconf 89' lang='lat' dir='ltr'>haec</span> <span class='ocrx_word' id='word_1_152' title='bbox 646 1482 796 1520; x_wconf 90' lang='lat' dir='ltr'>Rutulis</span> <span class='ocrx_word' id='word_1_153' title='bbox 824 1494 1008 1531; x_wconf 89' lang='lat' dir='ltr'>responsa</span> <span class='ocrx_word' id='word_1_154' title='bbox 1036 1481 1228 1519; x_wconf 88' lang='lat' dir='ltr'>remittunt</span> <span class='ocrx_word' id='word_1_155' title='bbox 1245 1480 1267 1517; x_wconf 89' lang='lat'>:’</span> 
     </span>
     <span class='ocr_line' id='line_1_25' title="bbox 110 1542 1223 1589; baseline -0.004 -8"><span class='ocrx_word' id='word_1_156' title='bbox 110 1543 184 1581; x_wconf 92' lang='lat' dir='ltr'>hoc</span> <span class='ocrx_word' id='word_1_157' title='bbox 213 1550 360 1580; x_wconf 89' lang='lat' dir='ltr'>tanturn</span> <span class='ocrx_word' id='word_1_158' title='bbox 389 1543 590 1580; x_wconf 87' lang='lat' dir='ltr'>Ascanius.</span> <span class='ocrx_word' id='word_1_159' title='bbox 649 1542 790 1579; x_wconf 89' lang='lat' dir='ltr'>Teucri</span> <span class='ocrx_word' id='word_1_160' title='bbox 819 1542 985 1579; x_wconf 89' lang='lat' dir='ltr'>clamore</span> <span class='ocrx_word' id='word_1_161' title='bbox 1015 1549 1223 1589; x_wconf 87' lang='lat' dir='ltr'>sequuntur</span> 
     </span>
     <span class='ocr_line' id='line_1_26' title="bbox 110 1601 1178 1652; baseline -0.004 -12"><span class='ocrx_word' id='word_1_162' title='bbox 110 1603 325 1652; x_wconf 90' lang='lat' dir='ltr'>laetitiaque</span> <span class='ocrx_word' id='word_1_163' title='bbox 354 1602 521 1640; x_wconf 90' lang='lat' dir='ltr'>fremunt</span> <span class='ocrx_word' id='word_1_164' title='bbox 549 1602 775 1650; x_wconf 87' lang='lat' dir='ltr'>animosque</span> <span class='ocrx_word' id='word_1_165' title='bbox 805 1601 853 1639; x_wconf 92' lang='lat' dir='ltr'>ad</span> <span class='ocrx_word' id='word_1_166' title='bbox 883 1601 1005 1638; x_wconf 91' lang='lat' dir='ltr'>sidera</span> <span class='ocrx_word' id='word_1_167' title='bbox 1032 1601 1178 1637; x_wconf 91' lang='lat' dir='ltr'>tollunt.</span> 
     </span>
     <span class='ocr_line' id='line_1_27' title="bbox 111 1661 1018 1711; baseline -0.003 -11"><span class='ocrx_word' id='word_1_168' title='bbox 111 1663 291 1700; x_wconf 89' lang='lat' dir='ltr'>Aetheria</span> <span class='ocrx_word' id='word_1_169' title='bbox 318 1670 400 1700; x_wconf 91' lang='lat' dir='ltr'>tum</span> <span class='ocrx_word' id='word_1_170' title='bbox 428 1661 525 1699; x_wconf 90' lang='lat' dir='ltr'>forte</span> <span class='ocrx_word' id='word_1_171' title='bbox 554 1661 668 1711; x_wconf 88' lang='lat' dir='ltr'>plaga</span> <span class='ocrx_word' id='word_1_172' title='bbox 696 1661 850 1699; x_wconf 91' lang='lat' dir='ltr'>crinitus</span> <span class='ocrx_word' id='word_1_173' title='bbox 878 1661 1018 1710; x_wconf 89' lang='lat' dir='ltr'>Apollo</span> 
     </span>
     <span class='ocr_line' id='line_1_28' title="bbox 111 1720 1048 1772; baseline -0.003 -11"><span class='ocrx_word' id='word_1_174' title='bbox 111 1723 273 1772; x_wconf 90' lang='lat' dir='ltr'>desuper</span> <span class='ocrx_word' id='word_1_175' title='bbox 300 1722 490 1760; x_wconf 88' lang='lat' dir='ltr'>Ausonias</span> <span class='ocrx_word' id='word_1_176' title='bbox 520 1722 621 1759; x_wconf 89' lang='lat' dir='ltr'>acies</span> <span class='ocrx_word' id='word_1_177' title='bbox 649 1721 860 1770; x_wconf 90' lang='lat' dir='ltr'>urbemque</span> <span class='ocrx_word' id='word_1_178' title='bbox 888 1720 1048 1765; x_wconf 87' lang='lat' dir='ltr'>videbat,</span> 
     </span>
     <span class='ocr_line' id='line_1_29' title="bbox 111 1779 1172 1830; baseline -0.004 -11"><span class='ocrx_word' id='word_1_179' title='bbox 111 1782 213 1819; x_wconf 91' lang='lat' dir='ltr'>nube</span> <span class='ocrx_word' id='word_1_180' title='bbox 242 1781 391 1827; x_wconf 90' lang='lat' dir='ltr'>sedens,</span> <span class='ocrx_word' id='word_1_181' title='bbox 421 1788 535 1830; x_wconf 89' lang='lat' dir='ltr'>atque</span> <span class='ocrx_word' id='word_1_182' title='bbox 564 1779 622 1818; x_wconf 92' lang='lat' dir='ltr'>his</span> <span class='ocrx_word' id='word_1_183' title='bbox 649 1779 832 1817; x_wconf 90' lang='lat' dir='ltr'>victorem</span> <span class='ocrx_word' id='word_1_184' title='bbox 862 1779 997 1816; x_wconf 88' lang='lat' dir='ltr'>affatur</span> <span class='ocrx_word' id='word_1_185' title='bbox 1025 1779 1172 1816; x_wconf 91' lang='lat' dir='ltr'>Iulum:</span> 
     </span>
     <span class='ocr_line' id='line_1_30' title="bbox 113 1839 1116 1889; baseline -0.003 -11"><span class='ocrx_word' id='word_1_186' title='bbox 113 1841 264 1879; x_wconf 90' lang='lat' dir='ltr'>‘Macte</span> <span class='ocrx_word' id='word_1_187' title='bbox 292 1852 392 1878; x_wconf 91' lang='lat' dir='ltr'>nova</span> <span class='ocrx_word' id='word_1_188' title='bbox 419 1840 564 1885; x_wconf 89' lang='lat' dir='ltr'>virtute,</span> <span class='ocrx_word' id='word_1_189' title='bbox 596 1851 711 1889; x_wconf 87' lang='lat' dir='ltr'>puer:</span> <span class='ocrx_word' id='word_1_190' title='bbox 749 1839 803 1877; x_wconf 91' lang='lat' dir='ltr'>sic</span> <span class='ocrx_word' id='word_1_191' title='bbox 831 1839 902 1876; x_wconf 91' lang='lat' dir='ltr'>itur</span> <span class='ocrx_word' id='word_1_192' title='bbox 932 1839 981 1876; x_wconf 93' lang='lat' dir='ltr'>ad</span> <span class='ocrx_word' id='word_1_193' title='bbox 1010 1845 1116 1883; x_wconf 86' lang='lat' dir='ltr'>astra,</span> 
     </span>
     <span class='ocr_line' id='line_1_31' title="bbox 113 1896 1155 1950; baseline -0.005 -12"><span class='ocrx_word' id='word_1_194' title='bbox 113 1901 170 1938; x_wconf 93' lang='lat' dir='ltr'>dis</span> <span class='ocrx_word' id='word_1_195' title='bbox 197 1901 324 1950; x_wconf 89' lang='lat' dir='ltr'>genite</span> <span class='ocrx_word' id='word_1_196' title='bbox 353 1906 391 1937; x_wconf 87' lang='lat' dir='ltr'>et</span> <span class='ocrx_word' id='word_1_197' title='bbox 419 1899 592 1948; x_wconf 90' lang='lat' dir='ltr'>geniture</span> <span class='ocrx_word' id='word_1_198' title='bbox 621 1898 725 1936; x_wconf 90' lang='lat' dir='ltr'>deos.</span> <span class='ocrx_word' id='word_1_199' title='bbox 784 1898 870 1935; x_wconf 92' lang='lat' dir='ltr'>Iure</span> <span class='ocrx_word' id='word_1_200' title='bbox 898 1898 1029 1936; x_wconf 90' lang='lat' dir='ltr'>omnia</span> <span class='ocrx_word' id='word_1_201' title='bbox 1057 1896 1155 1934; x_wconf 89' lang='lat' dir='ltr'>bella</span> 
     </span>
     <span class='ocr_line' id='line_1_32' title="bbox 112 1958 1026 2008; baseline -0.003 -11"><span class='ocrx_word' id='word_1_202' title='bbox 112 1966 226 2008; x_wconf 88' lang='lat' dir='ltr'>gente</span> <span class='ocrx_word' id='word_1_203' title='bbox 255 1959 325 1997; x_wconf 90' lang='lat' dir='ltr'>sub</span> <span class='ocrx_word' id='word_1_204' title='bbox 353 1959 527 1996; x_wconf 87' lang='lat' dir='ltr'>Assaraci</span> <span class='ocrx_word' id='word_1_205' title='bbox 556 1958 634 1995; x_wconf 90' lang='lat' dir='ltr'>fato</span> <span class='ocrx_word' id='word_1_206' title='bbox 662 1963 820 1995; x_wconf 87' lang='lat' dir='ltr'>ventura</span> <span class='ocrx_word' id='word_1_207' title='bbox 848 1958 1026 2001; x_wconf 88' lang='lat' dir='ltr'>resident,</span> 
     </span>
     <span class='ocr_line' id='line_1_33' title="bbox 113 2014 1205 2066; baseline -0.005 -10"><span class='ocrx_word' id='word_1_208' title='bbox 113 2030 186 2056; x_wconf 92' lang='lat' dir='ltr'>nec</span> <span class='ocrx_word' id='word_1_209' title='bbox 215 2024 252 2055; x_wconf 87' lang='lat' dir='ltr'>te</span> <span class='ocrx_word' id='word_1_210' title='bbox 280 2016 401 2054; x_wconf 88' lang='lat' dir='ltr'>Troia</span> <span class='ocrx_word' id='word_1_211' title='bbox 430 2016 557 2066; x_wconf 63' lang='lat' dir='ltr'>capit!</span> <span class='ocrx_word' id='word_1_212' title='bbox 615 2016 735 2054; x_wconf 89' lang='lat' dir='ltr'>Simul</span> <span class='ocrx_word' id='word_1_213' title='bbox 764 2015 858 2053; x_wconf 88' lang='lat' dir='ltr'>haec</span> <span class='ocrx_word' id='word_1_214' title='bbox 888 2016 1023 2053; x_wconf 86' lang='lat' dir='ltr'>effatus</span> <span class='ocrx_word' id='word_1_215' title='bbox 1052 2015 1102 2052; x_wconf 87' lang='lat' dir='ltr'>ab</span> <span class='ocrx_word' id='word_1_216' title='bbox 1129 2014 1205 2051; x_wconf 88' lang='lat' dir='ltr'>alto</span> 
     </span>
     <span class='ocr_line' id='line_1_34' title="bbox 113 2075 1025 2125; baseline -0.003 -10"><span class='ocrx_word' id='word_1_217' title='bbox 113 2077 264 2116; x_wconf 90' lang='lat' dir='ltr'>aethere</span> <span class='ocrx_word' id='word_1_218' title='bbox 293 2088 334 2114; x_wconf 91' lang='lat' dir='ltr'>se</span> <span class='ocrx_word' id='word_1_219' title='bbox 361 2076 474 2122; x_wconf 90' lang='lat' dir='ltr'>misit,</span> <span class='ocrx_word' id='word_1_220' title='bbox 504 2076 692 2125; x_wconf 91' lang='lat' dir='ltr'>spirantes</span> <span class='ocrx_word' id='word_1_221' title='bbox 721 2075 888 2112; x_wconf 90' lang='lat' dir='ltr'>dimovet</span> <span class='ocrx_word' id='word_1_222' title='bbox 917 2086 1025 2112; x_wconf 89' lang='lat' dir='ltr'>auras</span> 
     </span>
     <span class='ocr_line' id='line_1_35' title="bbox 114 2133 1121 2184; baseline -0.004 -11"><span class='ocrx_word' id='word_1_223' title='bbox 114 2135 401 2184; x_wconf 88' lang='lat' dir='ltr'>Ascaniumque</span> <span class='ocrx_word' id='word_1_224' title='bbox 429 2135 532 2184; x_wconf 90' lang='lat' dir='ltr'>petit.</span> <span class='ocrx_word' id='word_1_225' title='bbox 590 2134 730 2171; x_wconf 89' lang='lat' dir='ltr'>Forma</span> <span class='ocrx_word' id='word_1_226' title='bbox 757 2141 838 2170; x_wconf 91' lang='lat' dir='ltr'>tum</span> <span class='ocrx_word' id='word_1_227' title='bbox 867 2133 1018 2170; x_wconf 87' lang='lat' dir='ltr'>vertitur</span> <span class='ocrx_word' id='word_1_228' title='bbox 1046 2133 1121 2170; x_wconf 88' lang='lat' dir='ltr'>oris</span> 
     </span>
     <span class='ocr_line' id='line_1_36' title="bbox 114 2192 1087 2244; baseline -0.003 -12"><span class='ocrx_word' id='word_1_229' title='bbox 114 2195 313 2243; x_wconf 89' lang='lat' dir='ltr'>antiquum</span> <span class='ocrx_word' id='word_1_230' title='bbox 340 2194 378 2230; x_wconf 92' lang='lat' dir='ltr'>in</span> <span class='ocrx_word' id='word_1_231' title='bbox 408 2193 533 2231; x_wconf 89' lang='lat' dir='ltr'>Buten</span> <span class='ocrx_word' id='word_1_232' title='bbox 563 2193 639 2244; x_wconf 90' lang='lat' dir='ltr'>(hic</span> <span class='ocrx_word' id='word_1_233' title='bbox 667 2193 865 2230; x_wconf 88' lang='lat' dir='ltr'>Dardanio</span> <span class='ocrx_word' id='word_1_234' title='bbox 894 2192 1087 2229; x_wconf 86' lang='lat' dir='ltr'>Anchisae</span> 
     </span>
     <span class='ocr_line' id='line_1_37' title="bbox 115 2251 1096 2302; baseline -0.002 -12"><span class='ocrx_word' id='word_1_235' title='bbox 115 2253 278 2302; x_wconf 88' lang='lat' dir='ltr'>armiger</span> <span class='ocrx_word' id='word_1_236' title='bbox 306 2261 394 2290; x_wconf 89' lang='lat' dir='ltr'>ante</span> <span class='ocrx_word' id='word_1_237' title='bbox 422 2252 490 2289; x_wconf 88' lang='lat' dir='ltr'>fuit</span> <span class='ocrx_word' id='word_1_238' title='bbox 518 2252 693 2302; x_wconf 90' lang='lat' dir='ltr'>fidusque</span> <span class='ocrx_word' id='word_1_239' title='bbox 722 2251 770 2289; x_wconf 88' lang='lat' dir='ltr'>ad</span> <span class='ocrx_word' id='word_1_240' title='bbox 798 2251 929 2288; x_wconf 89' lang='lat' dir='ltr'>limina</span> <span class='ocrx_word' id='word_1_241' title='bbox 957 2258 1096 2296; x_wconf 89' lang='lat' dir='ltr'>custos,</span> 
     </span>
     <span class='ocr_line' id='line_1_38' title="bbox 114 2308 1238 2360; baseline -0.003 -10"><span class='ocrx_word' id='word_1_242' title='bbox 114 2320 196 2350; x_wconf 90' lang='lat' dir='ltr'>tum</span> <span class='ocrx_word' id='word_1_243' title='bbox 225 2312 406 2349; x_wconf 90' lang='lat' dir='ltr'>comitem</span> <span class='ocrx_word' id='word_1_244' title='bbox 434 2312 603 2349; x_wconf 86' lang='lat' dir='ltr'>Ascanio</span> <span class='ocrx_word' id='word_1_245' title='bbox 633 2318 740 2360; x_wconf 87' lang='lat' dir='ltr'>pater</span> <span class='ocrx_word' id='word_1_246' title='bbox 767 2308 952 2360; x_wconf 89' lang='lat' dir='ltr'>addidit):</span> <span class='ocrx_word' id='word_1_247' title='bbox 991 2311 1069 2347; x_wconf 90' lang='lat' dir='ltr'>ibat</span> <span class='ocrx_word' id='word_1_248' title='bbox 1097 2309 1238 2359; x_wconf 88' lang='lat' dir='ltr'>Apollo</span> 
     </span>
     <span class='ocr_line' id='line_1_39' title="bbox 115 2368 1148 2419; baseline -0.003 -10"><span class='ocrx_word' id='word_1_249' title='bbox 115 2371 247 2409; x_wconf 91' lang='lat' dir='ltr'>omnia</span> <span class='ocrx_word' id='word_1_250' title='bbox 274 2370 463 2419; x_wconf 87' lang='lat' dir='ltr'>longaevo</span> <span class='ocrx_word' id='word_1_251' title='bbox 491 2370 632 2415; x_wconf 88' lang='lat' dir='ltr'>similis,</span> <span class='ocrx_word' id='word_1_252' title='bbox 662 2381 875 2418; x_wconf 87' lang='lat' dir='ltr'>vocemque</span> <span class='ocrx_word' id='word_1_253' title='bbox 906 2368 1148 2419; x_wconf 91' lang='lat' dir='ltr'>coloremque</span> 
     </span>
     <span class='ocr_line' id='line_1_40' title="bbox 115 2429 1020 2475; baseline -0.003 -7"><span class='ocrx_word' id='word_1_254' title='bbox 115 2437 154 2468; x_wconf 89' lang='lat' dir='ltr'>et</span> <span class='ocrx_word' id='word_1_255' title='bbox 181 2430 302 2468; x_wconf 90' lang='lat' dir='ltr'>crines</span> <span class='ocrx_word' id='word_1_256' title='bbox 332 2429 440 2467; x_wconf 86' lang='lat' dir='ltr'>albos</span> <span class='ocrx_word' id='word_1_257' title='bbox 469 2436 505 2467; x_wconf 91' lang='lat' dir='ltr'>et</span> <span class='ocrx_word' id='word_1_258' title='bbox 534 2441 646 2467; x_wconf 86' lang='lat' dir='ltr'>saeva</span> <span class='ocrx_word' id='word_1_259' title='bbox 675 2429 877 2467; x_wconf 89' lang='lat' dir='ltr'>sonoribus</span> <span class='ocrx_word' id='word_1_260' title='bbox 906 2441 1020 2475; x_wconf 88' lang='lat' dir='ltr'>arma,</span> 
     </span>
    </p>
   </div>
   <div class='ocr_carea' id='block_1_3' title="bbox 1409 64 1487 115">
    <p class='ocr_par' dir='ltr' id='par_1_4' title="bbox 1409 64 1487 115">
     <span class='ocr_line' id='line_1_41' title="bbox 1409 64 1487 115; baseline -0.026 -11"><span class='ocrx_word' id='word_1_261' title='bbox 1409 64 1487 115; x_wconf 81' lang='lat'>267</span> 
     </span>
    </p>
   </div>
   <div class='ocr_carea' id='block_1_4' title="bbox 1427 302 1487 339">
    <p class='ocr_par' dir='ltr' id='par_1_5' title="bbox 1427 302 1487 339">
     <span class='ocr_line' id='line_1_42' title="bbox 1427 302 1487 339; baseline -0.017 -7"><span class='ocrx_word' id='word_1_262' title='bbox 1427 302 1487 339; x_wconf 68' lang='lat'>615</span> 
     </span>
    </p>
   </div>
   <div class='ocr_carea' id='block_1_5' title="bbox 1428 597 1491 628">
    <p class='ocr_par' dir='ltr' id='par_1_6' title="bbox 1428 597 1491 628">
     <span class='ocr_line' id='line_1_43' title="bbox 1428 597 1491 628; baseline -0.016 0"><span class='ocrx_word' id='word_1_263' title='bbox 1428 597 1491 628; x_wconf 79' lang='lat'>620</span> 
     </span>
    </p>
   </div>
   <div class='ocr_carea' id='block_1_6' title="bbox 1428 1188 1490 1229">
    <p class='ocr_par' dir='ltr' id='par_1_7' title="bbox 1428 1188 1490 1229">
     <span class='ocr_line' id='line_1_44' title="bbox 1428 1188 1490 1229; baseline -0.016 -9"><span class='ocrx_word' id='word_1_264' title='bbox 1428 1188 1490 1229; x_wconf 72' lang='lat'>630</span> 
     </span>
    </p>
   </div>
   <div class='ocr_carea' id='block_1_7' title="bbox 1429 1782 1492 1823">
    <p class='ocr_par' dir='ltr' id='par_1_8' title="bbox 1429 1782 1492 1823">
     <span class='ocr_line' id='line_1_45' title="bbox 1429 1782 1492 1823; baseline -0.016 -10"><span class='ocrx_word' id='word_1_265' title='bbox 1429 1782 1492 1823; x_wconf 78' lang='lat'>640</span> 
     </span>
    </p>
   </div>
   <div class='ocr_carea' id='block_1_8' title="bbox 1431 2372 1495 2412">
    <p class='ocr_par' dir='ltr' id='par_1_9' title="bbox 1431 2372 1495 2412">
     <span class='ocr_line' id='line_1_46' title="bbox 1431 2372 1495 2412; baseline -0.016 -9"><span class='ocrx_word' id='word_1_266' title='bbox 1431 2372 1495 2412; x_wconf 85' lang='lat'>650</span> 
     </span>
    </p>
   </div>
  </div>
 </body>
</html>
