1669 2737
543 92 711 127 LIBER
739 94 835 131 XII.
868 90 1080 144 339-416.

125 198 203 235 ibat
231 204 269 235 et
298 198 477 237 auxilium
508 200 623 240 ducto
652 215 835 241 mucrone
864 204 1042 253 petebat:

125 269 213 295 cum
242 264 325 296 rota
352 260 599 309 praecipitem
627 269 665 299 et
693 274 881 310 procursu
911 264 1086 299 concitus
1115 264 1196 300 axis

124 317 273 366 impulit
301 318 538 368 effunditque
567 320 663 365 solo,
695 321 927 370 Turnusque
958 328 1110 359 secutus

123 375 241 413 imam
269 376 366 414 inter
393 378 544 427 galeam
573 379 713 416 summi
741 379 908 417 thoracis
939 387 976 417 et
1005 392 1094 418 oras

123 435 275 472 abstulit
303 448 395 474 ense
424 444 537 486 caput
565 444 818 488 truncumque
848 439 996 487 reliquit
1026 439 1179 483 harena.

178 494 305 545 Atque
334 508 380 533 ea
409 496 500 534 dum
529 497 674 546 campis
702 497 821 534 victor
851 497 914 535 dat
943 497 1078 535 funera
1108 498 1275 542 Turnus,

122 552 266 591 interea
294 555 454 592 Aenean
484 554 710 593 Mnestheus
740 563 778 593 et
807 556 905 594 fidus
934 556 1103 594 Achates

123 613 389 663 Ascaniusque
417 626 549 651 eomes
579 614 710 652 castris
741 621 904 652 statuere
935 623 1145 660 cruentum,

123 671 288 709 alternos
315 671 432 721 longa
459 673 645 710 nitentem
675 673 835 723 cuspide
864 686 1029 722 gressus.

125 730 251 768 Saevit
278 737 316 768 et
342 731 500 769 infracta
526 732 689 770 luctatur
717 732 929 769 harundine
959 733 1077 770 telum

123 790 267 839 eripere
297 790 512 840 auxilioque
541 791 652 836 viam,
682 803 781 840 quae
810 791 996 839 proxima,
1027 791 1153 840 poscit

123 861 214 887 ense
244 856 374 887 secent
401 850 479 887 lato
509 850 644 887 vulnus
673 851 812 899 telique
841 850 1026 886 latebram

121 909 341 946 rescindant
367 910 518 958 penitus
548 922 707 959 seseque
736 910 776 946 in
805 909 903 946 bella
931 910 1132 946 remittant.

122 967 283 1017 Iamque
311 968 441 1006 aderat
469 969 628 1006 Phoebo
659 976 746 1006 ante
776 969 870 1006 alios
900 968 1056 1006 dilectus
1086 969 1207 1018 Iapyx

122 1026 278 1073 Iasides,
309 1028 385 1065 acri
414 1028 612 1077 quondam
641 1029 700 1065 cui
730 1035 864 1077 captus
896 1039 1026 1064 amore

121 1087 204 1136 ipse
233 1099 321 1124 suas
350 1095 459 1133 artes,
491 1100 560 1125 sua
588 1100 759 1133 munera,
790 1087 911 1124 laetus
940 1086 1084 1135 Apollo

123 1146 324 1195 augurium
353 1146 611 1197 citharamque
641 1147 757 1184 dabat
787 1147 1004 1196 celeresque
1035 1145 1199 1194 sagittas.

122 1205 191 1242 Ille
220 1212 259 1243 ut
288 1206 451 1255 depositi
478 1207 662 1256 proferret
691 1207 768 1244 fata
796 1206 973 1256 parentis,

122 1265 219 1302 seire
247 1271 456 1314 potestates
485 1266 688 1303 herbarum
716 1278 906 1316 usumque
936 1262 1117 1302 medendi

121 1324 253 1362 maluit
281 1331 318 1362 et
345 1332 472 1363 mutas
501 1326 643 1375 agitare
672 1325 855 1374 inglorius
884 1331 993 1363 artes.

123 1383 254 1422 Stabat
281 1385 419 1422 acerba
446 1385 624 1431 fremens,
654 1386 850 1434 ingentem
879 1386 990 1422 nixus
1020 1384 1058 1420 in
1089 1381 1250 1426 hastam,

123 1443 275 1481 Aeneas
303 1456 447 1493 magno
477 1445 655 1482 iuvenum
684 1452 721 1482 et
750 1446 952 1482 maerentis
981 1443 1051 1481 lull

121 1514 322 1548 concursu,
352 1503 514 1541 lacrimis
542 1505 758 1542 immobilis.
815 1504 882 1541 Ille
911 1509 1052 1541 retorto

122 1561 333 1598 Paeonium
362 1563 401 1599 in
429 1575 578 1600 morem
607 1564 734 1601 senior
762 1564 978 1601 succinctus
1008 1561 1150 1598 amictu

121 1621 240 1658 multa
268 1633 387 1658 manu
415 1622 565 1660 medica
594 1622 817 1672 Phoebique
845 1623 1067 1673 potentibus
1097 1619 1223 1657 herbis
1273 1645 1277 1647 μ

121 1681 354 1729 nequiquam
383 1681 554 1730 trepidat,
584 1683 818 1732 nequiquam
848 1682 993 1731 spicula
1023 1680 1156 1718 dextra

122 1739 296 1776 sollicitat
324 1748 554 1789 prensatque
583 1741 708 1778 tenaci
736 1741 879 1791 forcipe
909 1741 1062 1778 ferrum.

121 1797 237 1835 Nulla
264 1799 365 1834 viam
393 1798 564 1836 Fortuna
593 1800 699 1848 regit,
728 1800 819 1836 nihil
849 1806 981 1837 auctor
1010 1798 1152 1848 Apollo

122 1856 319 1903 subvenit;
360 1863 397 1894 et
426 1869 561 1895 saevos
591 1859 737 1907 campis
766 1860 889 1907 magis
918 1871 962 1895 ac
992 1857 1115 1906 magis
1144 1855 1280 1892 horror

122 1916 324 1953 crebrescit
351 1917 584 1966 propiusque
614 1917 756 1953 malurn
785 1923 853 1953 est.
911 1917 993 1953 Iam
1024 1916 1177 1963 pulvere
1207 1915 1357 1951 caelum

122 1980 220 2011 stare
247 1973 395 2012 vident:
435 1977 600 2012 subeunt
629 1976 788 2025 equites,
819 1982 855 2012 et
884 1975 1029 2024 spicula
1058 1973 1187 2010 castris

122 2032 242 2070 densa
270 2033 411 2070 cadunt
438 2035 584 2072 mediis.
641 2034 676 2071 It
705 2034 818 2071 tristis
848 2033 896 2070 ad
926 2033 1080 2069 aethera
1110 2030 1254 2067 clamor

121 2092 331 2129 bellantum
360 2092 538 2130 iuvenum
568 2100 604 2131 et
633 2093 728 2130 duro
759 2093 830 2129 sub
861 2092 983 2128 Marte
1014 2090 1233 2128 cadentum.

122 2151 199 2188 Hic
227 2150 374 2196 Venus,
404 2151 564 2200 indigno
594 2152 672 2188 nati
702 2163 891 2188 concussa
922 2150 1063 2195 dolore,

121 2210 356 2248 dictamnum
383 2212 554 2259 genetrix
585 2210 745 2248 Cretaea
774 2211 893 2259 carpit
921 2210 969 2246 ab
999 2208 1080 2253 Ida,

121 2269 327 2318 puberibus
357 2269 504 2306 caulem
534 2269 632 2307 foliis
662 2277 698 2306 et
727 2268 819 2306 flore
850 2276 1067 2306 comantem

120 2339 310 2377 purpureo
342 2329 438 2375 (non
465 2328 526 2365 illa
555 2328 642 2365 feris
672 2327 868 2375 incognita
899 2327 1022 2376 capris

120 2387 305 2436 gramina,
337 2398 424 2423 cum
454 2393 561 2436 tergo
592 2387 762 2423 volueres
793 2386 951 2423 haesere
980 2384 1179 2435 sagittae):

121 2446 195 2484 hoc
226 2445 369 2490 Venus,
399 2444 564 2482 obscuro
593 2445 729 2482 faciem
760 2445 990 2482 circumdata
1020 2445 1164 2490 nimbo,

1432 104 1508 146 331

1445 329 1509 368 380

1445 926 1508 957 590

1447 1219 1506 1251 395

1444 1515 1509 1546 400

1446 1812 1509 1844 405

1447 2107 1511 2136 410

1446 2400 1506 2433 4¹5
