1669 2737
146 80 228 122 300
733 76 959 111 AENEIS.

142 181 380 230 prosequitur
408 182 518 220 venia
545 188 583 221 et
610 183 733 221 verbis
762 184 857 221 haec
886 184 1041 234 insuper
1069 184 1198 222 addit:

144 239 370 286 ‘Quaenam
398 254 466 280 vos
495 249 601 280 tanto
631 243 781 280 fortuna
809 243 975 292 indigna,
1006 243 1142 289 Latini,

143 299 328 348 implicuit
355 301 465 347 bello,
495 302 560 350 qui
589 314 661 340 nos
690 302 841 351 fugiatis
870 303 1040 340 amicos?

144 358 283 396 Pacem
311 373 373 397 me
401 362 585 398 exanimis
613 369 650 399 et
679 361 813 399 Martis
843 370 944 399 sorte
973 363 1179 411 peremptis

144 419 286 456 oratis?
324 420 501 469 equidem
529 428 565 458 et
593 421 685 458 vivis
715 421 928 458 concedere
958 421 1103 459 vellem.

145 476 230 515 Nec
258 479 353 524 veni,
383 479 453 516 nisi
483 479 558 516 fata
587 479 715 517 locum
744 481 951 529 sedemque
982 480 1190 526 dedissent,

145 548 216 574 nec
244 537 384 574 bellum
413 550 501 575 cum
530 546 643 587 gente
673 551 786 588 gero:
825 551 890 576 rex
921 545 1051 576 nostra
1079 539 1228 589 reliquit

145 595 309 645 hospitia
338 604 374 634 et
403 597 525 634 Turni
554 599 680 646 potius
710 610 751 636 se
781 598 938 636 credidit
967 598 1092 636 armis.

145 654 316 703 Aequius
344 655 430 693 huic
458 656 634 693 Turnum
666 656 783 694 fuerat
812 669 852 694 se
882 668 1078 706 opponere
1107 657 1244 695 morti:

146 713 176 749 si
202 714 344 751 bellum
373 714 480 751 finire
510 727 637 759 manu,
667 716 698 752 si
727 716 866 764 pellere
895 715 1069 753 Teucros

145 780 313 821 apparat,
342 773 400 811 his
429 785 582 811 mecum
613 775 740 812 decuit
769 787 994 812 concurrere
1022 774 1126 812 telis:

145 833 253 878 vixet,
284 833 343 869 cui
372 833 487 870 vitam
515 833 609 872 deus
638 841 703 871 aut
733 846 800 872 sua
829 834 960 871 dextra
989 833 1166 871 dedisset.

146 891 259 929 Nunc
288 892 337 929 ite
366 899 402 929 et
429 893 576 931 miseris
606 894 810 942 supponite
839 894 980 931 civibus
1010 891 1161 941 ignem?

144 951 302 989 Dixerat
329 952 495 989 Aeneas.
552 952 610 990 Illi
639 954 871 1002 obstupuere
900 952 1053 990 silentes

146 1011 394 1060 conversique
422 1012 554 1049 oculos
583 1013 680 1049 inter
709 1025 749 1050 se
779 1019 892 1061 atque
922 1024 989 1048 ora
1017 1012 1208 1049 tenebant.

146 1070 249 1106 Tum
279 1071 404 1107 senior
433 1083 658 1120 semperque
688 1072 784 1108 odiis
814 1078 850 1108 et
879 1071 1034 1108 crimine
1063 1070 1237 1109 Drances

145 1128 314 1166 infensus
342 1130 466 1166 iuveni
494 1130 630 1167 Turno
659 1131 712 1167 sic
741 1142 806 1167 ore
835 1130 999 1166 vicissim

145 1203 232 1228 orsa
260 1191 393 1228 refert:
435 1191 491 1230 ‘O
522 1191 624 1229 fama
652 1192 800 1240 ingens,
831 1191 1021 1239 ingentior
1050 1192 1164 1229 armis

145 1250 198 1286 vir
226 1249 408 1296 Troiane,
438 1252 576 1300 quibus
605 1251 711 1288 caelo
741 1258 777 1288 te
806 1251 979 1288 laudibus
1009 1252 1197 1300 aequem?

144 1311 355 1348 iustitiaene
385 1311 487 1360 prius
516 1312 628 1348 mirer
657 1311 795 1348 belline
825 1311 1026 1348 laborum?

144 1371 228 1409 Nos
256 1383 345 1409 vero
375 1372 468 1410 haec
497 1373 658 1422 patriam
687 1372 783 1421 grati
812 1371 1018 1409 referemus
1048 1372 1096 1409 ad
1124 1373 1257 1409 urbem

145 1440 180 1470 et
208 1439 256 1478 te,
286 1433 316 1469 si
346 1445 422 1482 qua
450 1433 548 1470 viam
578 1433 725 1470 dederit
754 1433 915 1477 fortuna,
946 1432 1084 1470 Latino

146 1493 348 1540 iungemus
378 1493 480 1540 regi:
520 1500 676 1542 quaerat
705 1493 775 1530 sibi
805 1492 959 1529 foedera
989 1492 1155 1529 Turnus.

145 1550 249 1597 Quin
278 1557 314 1588 et
343 1551 474 1588 fatales
502 1563 699 1589 murorum
729 1551 898 1589 attollere
928 1551 1049 1588 moles

145 1621 311 1658 saxaque
339 1611 560 1648 subvectare
589 1611 729 1648 umeris
760 1611 932 1648 Troiana
959 1610 1123 1647 iuvabit.’

144 1668 302 1706 Dixerat
329 1668 435 1713 haec,
466 1682 620 1719 unoque
649 1682 786 1707 omnes
815 1669 950 1706 eadem
980 1681 1046 1706 ore
1075 1668 1297 1706 fremebant.

146 1728 210 1764 Bis
240 1739 353 1765 senos
381 1728 560 1776 pepigere
590 1728 673 1766 dies
703 1736 739 1766 et
768 1741 864 1778 pace
895 1734 1091 1776 sequestra

145 1799 212 1835 per
240 1786 349 1824 silvas
378 1786 521 1824 Teucri
547 1788 731 1837 mixtique
761 1788 917 1836 impune
947 1786 1073 1823 Latini

144 1858 310 1883 erravere
339 1846 446 1894 iugis.
504 1846 619 1884 Ferro
650 1853 761 1884 sonat
791 1847 865 1883 alta
893 1845 1051 1894 bipenni

146 1904 323 1950 fraxinus,
353 1912 523 1943 evertunt
552 1913 658 1942 actas
686 1906 736 1943 ad
765 1905 887 1942 sidera
916 1904 1042 1953 pinus,

146 1965 284 2001 robora
311 1976 383 2001 nec
412 1965 541 2002 cuneis
571 1972 607 2002 et
635 1964 802 2002 olentem
832 1964 1006 2001 scindere
1036 1962 1190 2000 cedrum

146 2035 216 2060 nec
246 2023 420 2072 plaustris
449 2032 600 2062 cessant
629 2031 776 2062 vectare
805 2023 1045 2073 gementibus
1076 2034 1203 2060 ornos.

200 2083 248 2121 Et
277 2085 351 2121 iam
380 2085 499 2122 Fama
527 2086 672 2130 volans,
703 2085 796 2122 tanti
825 2083 1051 2133 praenuntia
1079 2083 1214 2128 luctus,

146 2144 363 2181 Evandrum
391 2144 635 2194 Evandrique
665 2144 802 2181 domos
831 2150 867 2181 et
895 2143 1048 2180 moenia
1076 2142 1207 2191 replet,

146 2215 243 2252 quae
272 2204 390 2241 modo
418 2205 599 2241 victorem
629 2204 739 2241 Latio
769 2203 940 2240 Pallanta
969 2201 1121 2238 ferebat.

146 2262 315 2300 Arcades
343 2263 392 2299 ad
419 2270 548 2311 portas
577 2275 686 2300 ruere
716 2269 753 2300 et
782 2263 829 2300 de
857 2273 965 2299 more
994 2267 1141 2298 vetusto

148 2321 320 2358 funereas
349 2334 505 2370 rapuere
535 2321 660 2366 faces;
700 2322 802 2358 lucet
827 2321 887 2357 via
914 2320 1032 2368 longo

148 2381 279 2418 ordine
308 2380 547 2418 flammarum
577 2388 612 2418 et
640 2381 713 2418 late
744 2380 977 2417 discriminat
1006 2390 1129 2427 agros.

150 2439 293 2478 Contra
321 2441 430 2478 turba
458 2440 652 2490 Phrygum
679 2440 834 2478 veniens
863 2439 1083 2490 plangentia
1111 2437 1233 2487 iungit

1467 377 1527 399 110

1468 671 1526 703 115

1469 1265 1527 1296 1²5

1469 1565 1529 1596 130

1470 1860 1529 1891 135

1470 2452 1528 2484 145
