1669 2737
556 80 722 116 LIBER
751 81 801 117 X.
838 75 1043 128 185-262.
1414 88 1495 127 279

112 189 340 238 Agnoscunt
368 189 482 238 longe
512 202 642 239 regem
670 190 904 239 lustrantque
934 189 1094 228 choreis.'

114 247 285 294 Quarum
312 260 411 297 quae
441 248 545 286 fandi
574 249 792 287 doctissima
822 248 1070 298 Cymodocea
1437 263 1495 294 225

112 319 216 357 pone
244 319 410 357 sequens
439 308 570 345 dextra
597 309 758 357 puppim
788 314 890 346 tenet
919 308 1077 356 ipsaque
1107 306 1224 344 dorso

113 367 253 404 eminet
281 378 326 404 ac
354 367 460 404 laeva
487 367 608 404 tacitis
638 367 872 414 subremigat
901 365 1027 410 undis,

113 432 193 464 tum
222 427 276 464 sic
304 427 478 475 ignarum
506 426 726 475 alloquitur:
768 425 999 474 ‘Vigilasne‚
1031 424 1147 462 deum
1176 436 1282 473 gens,

112 487 270 523 Aenea?
309 485 420 534 vigila
449 492 486 523 et
513 485 603 523 velis
631 485 791 522 immitte
820 485 1011 522 rudentes.

113 544 198 583 Nos
226 557 356 583 sumus
385 544 522 581 Idaeae
551 556 659 582 sacro
689 545 736 582 de
764 544 903 581 vertice
932 545 1058 593 pinus,
1440 556 1500 586 230

113 617 215 643 nunc
243 605 367 654 pelagi
398 603 613 654 Nymphae,
644 604 773 642 classis
803 611 877 641 tua.
938 603 1109 641 Perfidus
1138 609 1179 639 ut
1208 613 1279 639 nos

113 664 338 715 praecipites
367 663 466 701 ferro
495 662 658 700 Rutulus
688 662 918 712 flammaque
948 663 1160 712 premebat,

113 725 284 775 rupimus
312 723 451 760 invitae
479 729 544 760 tua
572 723 720 760 vincula
749 729 861 771 teque
892 734 958 771 per
988 733 1132 770 aequor

111 785 340 834 quaerimus.
398 782 512 820 Hanc
543 782 724 820 Genetrix
754 781 890 819 faciem
918 782 1098 819 miserata
1127 781 1256 819 refecit

112 851 150 882 et
178 843 281 881 dedit
310 855 395 881 esse
424 842 516 880 deas
544 854 757 890 aevumque
787 842 928 890 agitare
959 842 1029 879 sub
1059 841 1185 879 undis.
1438 855 1452 875 2
1460 854 1496 884 35

114 904 164 940 At
192 915 286 952 puer
315 901 504 939 Ascanius
533 913 642 937 muro
672 900 861 949 fossisque
890 907 1040 938 tenetur

112 962 185 999 tela
212 963 307 999 inter
335 961 462 998 media
491 967 605 1009 atque
633 959 831 997 horrentes
862 959 986 998 Marte
1015 959 1185 998 Latinos.

114 1021 198 1058 Iam
225 1021 312 1058 loca
340 1020 441 1057 iussa
469 1025 573 1056 tenet
601 1018 687 1056 forti
716 1019 925 1068 permixtus
954 1018 1118 1056 Etrusco

113 1081 235 1118 Arcas
264 1091 404 1129 eques:
445 1078 592 1116 medias
620 1077 690 1115 illis
719 1090 917 1128 opponere
944 1085 1100 1124 turmas,

114 1152 162 1176 ne
191 1139 323 1177 castris
351 1139 522 1187 iungant,
552 1144 655 1175 certa
683 1143 739 1175 est
769 1138 956 1176 sententia
985 1137 1133 1175 Turno.
1440 1152 1499 1180 240

116 1197 236 1243 Surge
264 1210 335 1247 age
364 1204 401 1235 et
431 1198 578 1235 Aurora
608 1197 734 1235 socios
763 1198 939 1235 veniente
968 1198 1094 1235 vocari

112 1258 260 1309 primus
289 1259 328 1294 in
356 1269 462 1295 arma
489 1256 577 1294 iube
605 1263 643 1294 et
672 1256 836 1306 clipeum
866 1269 970 1305 cape,
1003 1268 1119 1306 quern
1149 1254 1251 1293 dedit
1281 1255 1363 1304 ipse

114 1319 293 1355 invictum
323 1315 550 1365 Ignipotens
580 1323 692 1365 atque
721 1328 808 1353 oras
838 1316 970 1352 ambiit
999 1327 1104 1352 auro.

115 1376 292 1415 Crastina
320 1375 396 1422 lux,
426 1387 514 1413 mea
541 1375 574 1412 si
602 1386 681 1412 non
711 1374 810 1412 irrita
839 1375 939 1412 dicta
968 1375 1121 1423 putaris,

115 1437 291 1485 ingentes
320 1435 484 1473 Rutulae
513 1434 701 1484 spectabit
729 1434 856 1471 caedis
885 1434 1063 1471 acervos.’
1442 1448 1499 1478 245

116 1495 284 1540 Dixerat,
313 1501 351 1534 et
379 1494 512 1532 dextra
541 1493 743 1531 discedens
772 1493 921 1541 impulit
951 1493 1065 1530 altam

117 1555 219 1593 haud
247 1555 380 1604 ignara
407 1553 514 1591 modi
543 1552 730 1601 puppim:
771 1552 868 1601 fugit
895 1552 957 1590 illa
986 1565 1054 1602 per
1082 1552 1204 1590 undas

117 1615 223 1652 ocior
251 1620 289 1651 et
315 1612 441 1651 iaculo
470 1619 508 1649 et
538 1618 672 1649 ventos
701 1618 891 1660 aequante
921 1612 1070 1661 sagitta.

117 1673 214 1711 Inde
244 1673 339 1711 aliae
367 1672 532 1710 celerant
562 1683 706 1708 cursus.
765 1670 900 1720 Stupet
927 1670 1068 1708 inscius
1097 1671 1180 1719 ipse

118 1733 220 1771 Tros
251 1730 526 1777 Anchisiades;
567 1730 717 1768 animos
747 1736 876 1768 tamen
905 1730 1035 1768 omine
1063 1730 1168 1767 tollit.
1444 1745 1506 1774 250

117 1791 224 1830 Tum
251 1786 410 1829 brevite'r
440 1802 576 1839 supera
603 1796 805 1838 aspectans
835 1801 1008 1827 convexa
1036 1795 1233 1839 precatur:

121 1851 257 1889 ‘Alma
284 1862 422 1900 parens
452 1849 570 1887 Idaea
599 1849 725 1895 deum,
755 1848 815 1886 cui
845 1848 1040 1897 Dindyma
1069 1847 1174 1885 cordi

120 1911 401 1959 turrigeraeque
430 1909 543 1946 urbes
572 1908 766 1958 biiugique
796 1907 846 1945 ad
875 1906 982 1944 frena
1010 1906 1153 1951 leones,

121 1975 162 2007 tu
188 1968 280 2006 mihi
308 1980 411 2006 nunc
439 1979 592 2017 pugnae
621 1968 811 2016 princeps,
844 1973 884 2003 tu
911 1966 979 2003 rite
1008 1965 1242 2014 propinques

121 2028 322 2078 augurium
351 2026 641 2076 Phrygibusque
670 2026 771 2064 adsis
800 2025 910 2074 pede,
941 2025 1040 2069 diva,
1071 2024 1263 2062 secundo.'
1448 2040 1481 2070 25
1490 2039 1505 2070 5

121 2089 293 2127 Tantum
321 2086 468 2124 effatus.
525 2086 575 2124 Et
603 2086 746 2123 interea
775 2085 942 2122 revoluta
970 2084 1102 2121 ruebat

122 2153 269 2185 matura
297 2146 373 2183 iam
400 2146 484 2183 luce
514 2146 595 2183 dies
626 2151 856 2193 noctemque
886 2142 1056 2192 fugarat:

122 2206 309 2256 principio
339 2205 452 2243 sociis
482 2205 604 2249 edicit,
636 2204 746 2253 signa
775 2209 983 2252 sequantur

123 2273 236 2315 atque
266 2265 415 2302 animos
445 2271 578 2314 aptent
607 2263 720 2301 armis
750 2274 980 2311 pugnaeque
1009 2269 1142 2311 parent
1171 2275 1222 2300 se.

124 2326 284 2374 Iamque
313 2324 353 2361 in
382 2330 592 2373 conspectu
621 2322 797 2360 Teucros
826 2321 939 2358 habet
968 2329 1005 2358 et
1035 2333 1102 2358 sua
1131 2330 1262 2367 castra,
1448 2328 1507 2359 260

123 2391 228 2423 stans
258 2383 358 2422 celsa
385 2383 424 2420 in
453 2382 585 2432 puppi,
616 2381 780 2430 clipeum
811 2392 899 2418 cum
929 2380 1066 2417 deinde
1096 2381 1246 2418 sinistra

125 2443 254 2482 extulit
283 2441 491 2480 ardentem.
552 2440 771 2478 Clamorem
800 2439 848 2477 ad
877 2439 1000 2478 sidera
1028 2439 1164 2478 tollunt
