1669 2737
171 65 227 117 64
725 71 1011 109 GEORGJCA.

170 181 359 218 fermento
388 187 501 229 atque
531 179 648 218 acidis
677 180 870 218 imitantur
900 181 997 219 vitea
1026 182 1160 221 sorbis.

171 240 278 278 Talis
308 241 566 290 Hyperboreo
596 247 744 289 septem
773 242 945 278 subiecta
973 242 1085 279 trioni

169 313 266 349 gens
296 300 440 337 effrena
468 301 588 336 virum
618 300 795 350 Rhipaeo
825 300 994 338 tunditur
1021 301 1137 347 Euro,

170 366 207 396 et
234 359 427 408 pecudum
455 358 565 397 fulvis
593 359 737 397 velatur
765 371 928 408 corpora
956 361 1080 398 saetis.

205 418 265 455 <Si
293 418 360 455 tibi
389 418 563 455 lanitium
592 431 717 463 curae,
747 419 913 467 primum
940 431 1076 468 aspera
1105 419 1197 457 silva

169 477 383 526 lappaeque
413 477 615 526 tribolique
645 477 795 524 absint3
836 477 925 526 fuge
954 479 1095 527 pabula
1123 479 1233 523 laeta,

169 537 430 584 continuoque
459 548 596 585 greges
626 536 720 573 villis
749 536 834 586 lege
863 537 1041 575 mollibus
1071 538 1191 575 albos.

169 595 281 632 Illum
311 602 451 639 autem,
481 595 655 645 quamvis
685 597 783 632 aries
812 596 859 633 sit
887 596 1073 634 candidus
1102 597 1194 645 ipse,

168 657 278 704 nigra
305 656 436 693 subest
462 655 542 692 udo
571 661 719 692 tantum
743 655 803 692 cui
832 655 963 705 lingua
991 656 1131 705 palato,

167 716 292 759 reiice,
323 727 371 751 ne
401 714 559 751 maculis
588 713 751 752 infuscet
780 715 917 751 vellera
945 715 1056 764 pullis

167 781 405 819 nascentum,
437 773 630 822 plenoque
660 773 776 810 alium
806 774 1056 823 circumspice
1086 786 1237 824 campo.

167 833 329 871 Munere
359 833 412 870 sic
441 833 551 869 niveo
581 833 701 877 lanae,
733 834 763 869 si
793 833 947 870 credere
977 834 1137 882 dignum
1167 841 1234 879 est,

166 893 248 930 Pan
276 893 370 929 deus
399 892 587 929 Arcadiae
617 900 769 941 captam
798 899 847 938 te,
878 892 1000 938 Luna,
1031 893 1160 930 fefellit

165 953 204 989 in
233 964 393 989 nemora
422 951 497 988 alta
524 964 687 998 vocans;
728 964 799 990 nec
828 959 867 989 tu
896 960 1098 1001 aspernata
1126 959 1339 990 vocantem.

165 1012 229 1058 At,
259 1012 320 1049 cui
352 1011 460 1048 lactis
490 1023 610 1056 amor,
642 1012 803 1060 cytisum
833 1012 1011 1060 lotosque
1041 1012 1261 1060 frequentes

165 1074 247 1122 ipse
276 1085 394 1109 manu
424 1072 620 1121 salsasque
651 1072 744 1109 ferat
773 1073 1022 1121 praesepibus
1052 1073 1200 1110 herbas.

164 1132 270 1169 Hinc
300 1138 337 1169 et
365 1137 495 1168 amant
526 1131 660 1168 fluvios
690 1132 823 1180 magis,
854 1138 890 1168 et
920 1132 1042 1180 magis
1071 1133 1188 1169 ubera
1218 1132 1388 1177 tendunt,

164 1199 201 1229 et
230 1192 317 1229 salis
346 1190 541 1228 occultum
572 1190 737 1227 referunt
765 1191 804 1227 in
833 1191 928 1228 lacte
959 1203 1148 1240 saporem,

163 1252 271 1290 multi
300 1252 415 1289 etiam
445 1257 620 1288 excretos
649 1250 854 1299 prohibent
883 1263 906 1288 a
934 1252 1118 1288 matribus
1147 1250 1304 1296 haedos,

162 1313 362 1361 primaque
392 1310 536 1347 ferratis
566 1310 783 1359 praefigunt
812 1322 881 1347 ora
910 1312 1094 1360 capistris.

163 1372 282 1418 Quod
311 1376 490 1420 surgente
521 1369 581 1406 die
609 1369 774 1407 mulsere
803 1369 982 1419 horisque
1012 1370 1167 1415 diurnis,

161 1439 275 1470 nocte
305 1436 508 1480 premunt3
550 1429 655 1478 quod
685 1430 761 1466 iam
790 1430 957 1467 tenebris
987 1436 1025 1467 et
1054 1430 1134 1467 sole
1164 1428 1337 1474 cadente,

163 1493 234 1529 sub
264 1491 390 1527 lucem
420 1495 623 1538 exportant
652 1488 946 1526 calathis—adit
974 1489 1120 1538 oppida
1148 1495 1330 1537 pastor—-

161 1558 225 1589 aut
253 1560 371 1599 parco
401 1548 479 1585 sale
509 1548 738 1596 contingunt
768 1548 961 1597 hiemique
990 1555 1192 1597 reponunt.

214 1610 299 1648 Nec
328 1609 395 1645 tibi
424 1619 515 1644 cura
544 1619 684 1644 canum
714 1606 824 1644 fuerit
853 1615 1060 1655 postrema,
1091 1608 1159 1644 sed
1189 1619 1266 1644 una

159 1670 312 1708 veloces
343 1667 501 1716 Spartae
531 1667 678 1703 catulos
710 1678 913 1715 acremque
944 1667 1165 1704 Molossum

158 1741 275 1779 pasce
305 1739 389 1765 sero
419 1726 564 1776 pingui.
622 1725 848 1774 Numquam
879 1726 1102 1762 custodibus
1131 1726 1201 1763 illis

158 1796 389 1826 nocturnum
419 1785 576 1822 stabulis
606 1785 726 1822 furem
756 1785 1005 1833 incursusque
1034 1785 1212 1833 luporum

158 1855 222 1886 aut
250 1848 462 1895 impacatos
492 1857 515 1881 a
543 1851 653 1892 tergo
683 1844 855 1881 horrebis
887 1843 1067 1880 Hiberos.

159 1909 282 1957 Saepe
311 1907 426 1944 etiam
456 1918 568 1943 cursu
598 1905 752 1942 timidos
783 1904 946 1953 agitabis
976 1916 1157 1952 onagros,

157 1975 194 2006 et
222 1967 382 2005 canibus
409 1966 592 2014 leporem,
623 1965 782 2002 canibus
811 1964 999 2000 venabere
1029 1964 1228 2010 dammas3

155 2039 271 2076 saepe
300 2025 505 2063 volutabris
535 2024 668 2074 pulsos
698 2023 927 2060 silvestribus
957 2034 1071 2071 apros

153 2087 289 2125 latratu
318 2084 487 2121 turbabis
517 2095 648 2132 agens,
679 2089 908 2131 montesque
937 2094 1005 2131 per
1033 2082 1130 2119 altos

154 2147 353 2194 ingentem
382 2143 548 2180 clamore
577 2154 728 2191 premes
758 2142 807 2178 ad
835 2141 926 2178 retia
955 2153 1120 2178 cervum.

209 2204 327 2241 Disce
357 2208 394 2239 et
423 2202 624 2240 odoratam
653 2201 811 2238 stabulis
842 2200 1051 2237 accendere
1081 2200 1252 2246 cedrum,

153 2264 420 2313 galbaneoque
450 2261 592 2309 agitare
621 2271 756 2309 graves
786 2259 919 2296 nidore
949 2258 1160 2307 chelydros.

155 2324 279 2371 Saepe
309 2321 379 2357 sub
408 2320 577 2356 immotis
602 2319 850 2368 praesepibus
880 2324 945 2355 aut
972 2318 1073 2354 mala
1101 2324 1204 2355 tactu

152 2382 282 2430 vipera
311 2379 456 2417 delituit
485 2378 710 2426 caelumque
740 2377 916 2414 exterrita
945 2376 1049 2425 fugit,

154 2447 218 2478 aut
246 2445 348 2477 tecto
378 2443 550 2476 assuetus
580 2437 737 2475 coluber
765 2435 971 2474 succedere
1000 2441 1038 2473 et
1067 2434 1239 2480 umbrae,

1500 190 1567 229 380

1500 789 1563 821 390

1497 1088 1557 1120 395

1493 1385 1558 1417 400

1489 1681 1552 1713 405

1486 1978 1552 2011 410

1483 2273 1546 2305 415
