1669 2737
557 79 725 114 LIBER
753 80 832 116 [Η.
869 74 948 114 1-6
953 86 988 126 7.

88 185 218 224 Nilum
247 199 292 225 ac
321 187 448 225 navali
477 194 675 237 surgentes
705 200 791 226 aere
821 187 1032 226 columnas.

86 245 241 283 Addam
268 247 382 284 urbes
411 247 526 284 Asiae
549 247 714 285 domitas
741 248 973 297 pulsumque
1002 246 1197 296 Niphaten

86 303 344 354 fidentemque
373 304 464 354 fuga
491 305 675 344 Parthum
703 307 897 356 versisque
927 306 1102 354 sagittis;

86 369 123 399 et
151 362 228 400 duo
257 370 365 412 rapta
392 376 511 402 manu
540 365 691 402 diverso
721 377 768 402 ex
798 365 907 403 hoste
937 371 1094 414 tropaea

86 422 220 471 bisque
249 424 497 474 triumphatas
526 433 688 475 utroque
717 427 765 463 ab
794 426 902 464 litore
930 433 1075 475 gentes.

87 480 249 520 Stabunt
277 490 315 521 et
343 484 441 521 Parii
470 485 628 534 lapides,
659 485 841 534 spirantia
869 485 991 534 signa,

85 541 263 579 Assaraci
291 543 419 591 proles
448 543 715 594 demissaeque
745 546 793 582 ab
823 544 914 581 Iove
943 543 1069 592 gentis

85 601 244 638 nomina
271 601 450 651 Trosque
480 615 619 651 parens
648 611 686 641 et
714 603 855 642 Troiae
885 602 1072 652 Cynthius
1102 610 1243 640 auctor.

85 658 232 697 Invidia
260 661 390 699 infelix
420 662 553 700 Furias
583 675 815 712 amnemque
845 674 1020 700 severum

85 716 221 768 Cocyti
249 728 404 766 metuet,
433 728 630 771 tortosque
660 721 807 759 Ixionis
837 734 982 771 angues

84 777 370 829 immanemque
398 787 520 818 rotam
549 789 586 818 et
615 793 695 819 non
726 781 989 831 exsuperabile
1020 793 1164 818 saxum.

85 836 235 875 Interea
262 838 464 889 Dryadum
494 840 604 878 silvas
634 841 828 890 saltusque
858 853 1062 891 sequamur

83 898 258 943 intactos,
288 907 363 945 tua,
393 899 613 946 Maecenas,
643 900 747 938 haud
776 900 906 938 mollia
935 901 1047 938 iussa.

85 955 144 993 Te
174 958 256 996 sine
284 960 337 996 nil
365 960 481 997 altum
509 973 620 998 mens
648 960 828 998 incohat:
869 973 919 998 en
948 972 1020 1009 age
1050 972 1187 1010 segnes

83 1029 218 1067 rumpe
246 1032 398 1066 moras;
437 1028 549 1058 vocat
577 1021 720 1070 ingenti
751 1021 917 1059 clamore
947 1020 1157 1058 Cithaeron

83 1076 324 1129 Taygetique
354 1092 470 1118 canes
501 1080 756 1130 domitrixque
786 1080 1002 1129 Epidaurus
1032 1093 1229 1129 equorum,

83 1143 120 1172 et
147 1149 222 1175 vox
252 1150 412 1177 assensu
441 1152 644 1177 nemorum
673 1140 909 1189 ingeminata
938 1140 1111 1188 remugit.

84 1194 181 1233 Mox
210 1204 340 1235 tamen
368 1199 545 1237 ardentes
574 1200 753 1247 accingar
782 1199 907 1236 dicere
937 1211 1088 1248 pugnas

83 1253 260 1295 Caesaris
289 1265 326 1295 et
354 1270 498 1296 nornen
527 1259 628 1296 fama
656 1266 712 1296 tot
741 1258 836 1296 ferre
866 1271 933 1308 per
963 1270 1098 1303 annos,

83 1313 244 1354 Tithoni
273 1318 396 1366 prima
425 1325 520 1367 quot
548 1319 656 1355 abest
684 1319 733 1355 ab
763 1318 913 1366 origine
943 1317 1095 1355 Caesar.

139 1374 215 1413 Seu
244 1377 328 1426 quis
359 1376 607 1426 Olympiacae
637 1377 791 1414 miratus
819 1378 988 1425 praemia
1015 1377 1167 1425 palmae

83 1435 204 1484 pascit
233 1448 354 1485 equos
383 1448 448 1473 seu
479 1437 563 1486 quis
593 1436 707 1473 fortes
737 1436 786 1473 ad
815 1444 938 1472 aratra
968 1436 1159 1481 iuvencos,

83 1506 244 1544 corpora
271 1497 477 1544 praecipue
505 1503 669 1533 matrum
698 1496 811 1544 legat.
870 1495 1029 1544 Optima
1058 1502 1190 1532 torvae

83 1553 206 1592 forma
233 1555 353 1600 bovis,
382 1556 443 1592 cui
471 1561 580 1605 turpe
611 1562 736 1604 caput,
767 1555 829 1592 cui
858 1554 1021 1604 plurima
1051 1555 1188 1600 cervix,

83 1620 121 1650 et
149 1625 300 1651 crurum
329 1621 440 1651 tenus
470 1626 493 1652 a
520 1623 652 1652 mento
682 1614 848 1664 palearia
877 1613 1071 1663 pendent;

83 1679 165 1710 tum
192 1672 311 1721 longo
341 1673 465 1711 nullus
493 1673 600 1711 lateri
629 1674 790 1719 modus;
831 1673 962 1710 omnia
990 1684 1145 1722 magna,

83 1743 152 1780 pes
181 1732 317 1778 etiam;
357 1739 395 1770 et
423 1733 586 1771 camuris
614 1733 734 1770 hirtae
764 1733 835 1770 sub
865 1732 1047 1770 cornibus
1077 1743 1196 1768 aures.

84 1792 168 1830 Nec
196 1792 288 1829 mihi
317 1792 515 1842 displiceat
543 1793 704 1832 maculis
733 1793 896 1842 insignis
926 1800 962 1829 et
992 1792 1092 1837 albo,

84 1858 148 1889 aut
176 1852 266 1900 iuga
295 1852 512 1890 detractans
541 1853 809 1903 interdumque
839 1864 974 1901 aspera
1008 1863 1128 1888 cornu

85 1918 122 1949 et
149 1910 287 1948 faciem
316 1918 424 1950 tauro
454 1913 624 1962 propior,
653 1924 831 1962 quaeque
860 1912 977 1949 ardua
1009 1919 1088 1948 tota

85 1977 123 2009 et
149 1970 326 2019 gradiens
355 1972 432 2008 ima
460 1974 571 2010 verrit
600 1973 758 2021 vestigia
786 1971 920 2010 cauda.

85 2031 203 2069 Aetas
231 2031 419 2070 Lucinam
448 2033 643 2083 iustosque
672 2034 750 2083 pati
778 2032 1015 2082 hymenaeos

85 2091 223 2129 desinit
250 2099 339 2130 ante
369 2092 515 2138 decem,
544 2099 634 2142 post
662 2099 840 2142 quattuor
869 2092 1000 2140 incipit
1030 2103 1176 2137 annos;

85 2157 212 2188 cetera
239 2163 312 2188 nec
341 2149 485 2189 feturae
513 2152 648 2189 habilis
671 2164 745 2189 nec
773 2151 880 2189 fortis
910 2151 1051 2188 aratris.

85 2209 248 2255 Interea,
278 2218 431 2259 superat
460 2211 641 2260 gregibus
671 2211 763 2248 dum
792 2210 891 2247 laeta
920 2209 1104 2253 iuventas,

86 2268 189 2306 solve
218 2280 366 2315 mares;
405 2269 510 2306 mitte
540 2270 580 2306 in
609 2269 802 2306 Venerem
830 2268 1009 2317 pecuaria
1038 2268 1194 2316 primus,

85 2335 199 2377 atque
228 2327 341 2364 aliam
370 2341 417 2365 ex
447 2328 519 2366 alia
547 2328 769 2377 generando
800 2327 928 2365 suffice
957 2327 1118 2376 prolem.

87 2386 247 2436 Optima
275 2399 450 2437 quaeque
479 2388 560 2425 dies
589 2387 737 2424 miseris
768 2386 991 2423 mortalibus
1021 2387 1102 2423 aevi

86 2448 209 2496 prima
237 2446 355 2496 fugit:
395 2447 561 2485 subeunt
589 2447 714 2484 morbi
743 2447 936 2496 tristisque
968 2454 1154 2491 senectus²

1424 857 1466 884 40

1424 1157 1462 1186 45

1428 2037 1470 2068 (ο
