1669 2737
160 73 238 113 142
731 65 958 101 AENEJS.

155 177 342 226 conspexi
370 176 599 213 venientem.
658 174 762 213 Huic
793 188 866 221 me,
897 187 1165 225 quaecumque
1195 175 1337 221 fuisset,

156 237 305 275 addixi:
346 237 433 273 satis
463 243 519 273 est
546 241 702 284 gentem
732 235 913 284 effugisse
944 235 1162 272 nefandam.

155 296 239 334 Vos
268 297 437 333 animam
467 295 565 332 hanc
595 294 724 343 potius
754 307 1001 344 quocumque
1031 295 1219 332 absumite
1248 293 1356 331 leto.''

211 360 219 375 ‘
237 356 312 392 Vix
341 367 387 391 ea
416 354 512 391 fatus
542 360 631 399 erat,
663 366 816 390 summo
844 366 933 391 curn
962 362 1093 391 monte
1122 354 1295 391 videmus

156 418 284 465 ipsum
312 415 408 451 inter
436 413 606 462 pecudes
635 420 739 449 vasta
769 425 810 450 se
839 414 941 450 mole
969 421 1190 450 moventem

157 482 353 524 pastorem
382 471 664 521 Polyphemum
694 479 731 508 et
759 472 868 509 litora
898 480 991 509 nota
1018 479 1225 521 petentem,

1485 357 1547 397 655

157 540 373 570 monstrum
403 531 636 568 horrendum
666 530 829 568 informe
859 532 1009 580 ingens,
1041 532 1102 568 cui
1131 531 1262 567 lumen
1291 529 1526 578 ademptum.

159 594 316 631 Trunca
344 603 462 628 manu
491 591 604 638 pinus
633 590 730 638 regit
758 598 795 627 et
824 591 982 639 vestigia
1012 591 1157 637 firinat;

158 655 347 702 lanigerae
377 651 606 688 comitantur
637 662 726 688 oves
737 663 747 697 3
788 663 834 688 ea
862 651 945 688 sola
973 650 1147 700 voluptas

159 713 409 760 solamenque
439 710 539 747 mali.

159 775 369 823 Postquam
398 772 495 810 altos
524 772 646 821 tetigit
674 772 810 810 fluetus
839 780 876 810 et
905 772 954 810 ad
982 784 1150 822 aequora
1179 772 1289 819 venit,

158 835 312 872 luminis
342 832 472 869 effossi
500 831 662 869 fluidum
691 832 780 869 lavit
808 832 896 869 inde
927 844 1101 869 cruorem

160 894 337 931 dentibus
366 891 589 928 infrendens
618 891 774 939 gemitu,
804 892 1051 941 graditurque
1080 904 1148 940 per
1177 902 1321 940 aequor

159 954 235 991 iarn
264 952 444 996 medium,
475 951 643 988 necdum
674 951 808 988 fluctus
837 951 954 988 latera
984 951 1101 988 ardua
1129 951 1250 988 tinxit.

160 1013 245 1050 Nos
274 1011 408 1060 procul
437 1010 525 1047 inde
555 1010 685 1059 fugam
715 1011 850 1060 trepidi
879 1011 1045 1048 celerare
1075 1017 1230 1059 recepto

161 1072 333 1121 supplice
363 1071 418 1108 sic
448 1070 594 1116 merito,
626 1071 805 1118 tacitique
834 1070 1001 1107 incidere
1030 1070 1174 1114 funem,

161 1131 342 1168 vertimus
372 1138 409 1167 et
439 1130 551 1178 proni
582 1131 814 1167 certantibus
844 1142 1012 1178 aequora
1040 1129 1167 1166 remis.

162 1191 289 1228 Sensit
317 1196 354 1226 et
383 1189 433 1226 ad
463 1190 630 1226 sonitum
660 1189 764 1225 vocis
794 1190 950 1237 vestigia
980 1189 1095 1226 torsit.

160 1251 305 1288 Verum
334 1250 399 1287 ubi
428 1249 531 1286 nulla
561 1250 670 1286 datur
700 1249 831 1286 dextra
861 1249 1038 1286 affectare
1067 1254 1237 1297 potestas

161 1324 235 1350 nec
264 1311 365 1360 potis
394 1310 526 1347 Ionios
556 1310 692 1347 fluctus
722 1322 885 1358 aequare
915 1310 1126 1358 sequendo,

161 1373 370 1410 clamorem
400 1371 634 1407 immensum
664 1370 768 1415 tollit,
800 1381 877 1419 quo
906 1376 1047 1419 pontus
1076 1377 1112 1406 et
1141 1380 1277 1406 omnes

163 1431 391 1467 intremuere
421 1429 548 1466 undae
577 1429 806 1477 penitusque
836 1429 1012 1466 exterrita
1040 1428 1151 1465 tellus

162 1487 293 1525 Italiae
322 1487 520 1536 curvisque
549 1487 738 1535 immugiit
768 1488 894 1524 Aetna
925 1488 1106 1525 cavernis.

161 1549 214 1585 At
241 1559 365 1596 genus
395 1559 415 1583 e
446 1547 546 1584 silvis
578 1547 793 1595 Cyclopum
823 1554 859 1584 et
889 1547 1084 1584 montibus
1114 1546 1197 1583 altis

162 1607 329 1644 excitum
357 1607 430 1643 ruit
459 1606 507 1643 ad
537 1615 670 1655 portus
700 1614 738 1643 et
767 1606 876 1643 litora
905 1606 1111 1655 complent.

163 1666 366 1704 Cernimus
396 1672 563 1702 astantes
593 1666 830 1713 nequiquam
860 1665 1001 1702 lumine
1030 1672 1138 1702 torvo

162 1727 357 1763 Aetnaeos
387 1724 529 1769 fratres,
561 1724 668 1761 caelo
698 1724 824 1772 capita
852 1724 927 1761 alta
955 1724 1130 1768 ferentes,

163 1784 369 1822 concilium
397 1783 653 1820 horrendum:
699 1784 831 1832 quales
862 1796 951 1820 cum
980 1783 1118 1820 vertice
1148 1782 1252 1819 celso

163 1845 286 1881 ae'riae
316 1855 477 1892 quercus
508 1850 572 1880 aut
601 1843 793 1880 coniferae
824 1843 1003 1892 cyparissi

164 1903 426 1949 constiterunt,
457 1902 548 1940 silva
577 1903 651 1940 alta
681 1903 784 1940 Iovis
814 1903 970 1940 lucusve
999 1902 1158 1939 Dianae.

164 1962 395 2011 Praecipites
424 1969 549 1999 metus
579 1975 666 1999 acer
696 1963 775 2010 agit
805 1974 1051 2011 quocumque
1081 1961 1262 1998 rudentes

164 2029 342 2060 excutere
370 2029 407 2059 et
435 2022 556 2059 ventis
586 2021 784 2058 intendere
814 2021 897 2058 vela
927 2021 1116 2059 secundis.

165 2082 311 2120 Contra
340 2082 442 2119 iussa
470 2088 632 2118 monent
662 2080 803 2118 Heleni
835 2080 999 2130 Scyllam
1029 2089 1142 2130 atque
1173 2079 1408 2129 Charybdim

164 2143 262 2180 inter
290 2149 490 2191 utramque
519 2141 618 2178 viam
648 2141 711 2178 leti
741 2141 958 2178 discrimine
988 2153 1105 2189 parvo

165 2203 205 2239 ni
232 2209 388 2240 teneant
417 2214 568 2239 cursus:
611 2208 756 2238 certum
786 2208 843 2238 est
874 2201 964 2238 dare
992 2201 1108 2237 lintea
1137 2207 1248 2238 retro.

165 2261 270 2299 Ecce
299 2269 426 2298 autem
454 2261 599 2299 Boreas
628 2267 791 2309 angusta
820 2261 869 2298 ab
898 2260 992 2298 sede
1023 2259 1147 2297 Pelori

165 2322 304 2358 missus
333 2321 464 2358 adest:
509 2322 593 2357 vivo
623 2320 892 2369 praetervehor
921 2320 1021 2357 ostia
1051 2331 1144 2356 saxo

165 2380 373 2428 Pantagiae
403 2379 663 2428 Megarosque
694 2380 797 2417 sinus
828 2379 1109 2427 Thapsumque
1140 2379 1339 2417 iacentem.

167 2439 279 2477 Talia
306 2440 544 2477 monstrabat
574 2439 748 2488 relegens
778 2445 899 2476 errata
927 2445 1113 2476 retrorsus

1487 654 1550 685 660

1488 952 1549 992 (265

1492 2145 1554 2185 685

1492 2443 1557 2484 690
