1669 2737
154 85 232 127 106
727 90 955 126 AENEIS.

148 200 315 238 constitit
343 205 457 249 atque
487 199 606 236 oculis
635 197 799 248 Phrygia
827 200 983 249 agmina
1012 200 1293 250 circumspexit,

150 259 276 296 “Heu
306 271 403 307 quae
432 270 534 295 nunc
563 258 671 295 tellus
684 257 702 273 ’²
732 259 863 307 inquit,
896 263 1029 308 “quae
1058 272 1120 297 me
1150 271 1319 308 aequora
1348 262 1511 307 possunt

149 319 347 367 accipere?
385 324 448 354 aut
477 316 568 366 quid
599 317 673 354 iam
702 318 842 355 misero
872 319 964 355 mihi
993 318 1157 367 denique
1186 318 1329 355 restat?
1501 330 1540 362 70

149 378 209 415 cui
238 389 363 426 neque
393 377 496 425 apud
524 376 683 413 Danaos
713 389 878 425 usquam
908 377 1025 419 locus,
1056 385 1093 414 et
1122 389 1236 426 super
1264 377 1336 426 ipsi

148 436 393 473 Dardanidae
422 434 560 472 infensi
590 447 736 484 poenas
766 449 854 473 cum
885 438 1071 486 sanguine
1100 435 1301 486 poscunt.''

150 496 241 542 Quo
270 496 416 545 gemitu
446 496 619 532 conversi
649 496 765 532 animi
795 508 1038 545 compressus
1070 503 1107 533 et
1134 496 1260 532 omnis

150 556 324 604 impetus.
383 554 594 591 Hortamur
622 554 691 591 fari
722 566 799 604 quo
831 555 1016 603 sanguine
1046 562 1170 592 cretus

151 616 289 664 quidve
317 614 436 660 ferat3
476 622 663 651 memoret
693 627 791 664 quae
821 615 866 652 sit
895 615 1034 652 fiducia
1062 621 1185 663 capto.

152 672 236 727 [Ille
266 674 362 711 haec
392 673 566 722 deposita
595 673 751 711 tandem
781 673 983 711 formidine
1014 671 1152 725 fatum]

205 733 414 770 “‘Cuncta
442 733 620 782 equidem
650 734 727 779 tibi,
756 746 834 778 rex,
865 733 974 770 fuerit
1004 733 1288 783 quodcumque,
1320 731 1466 768 fatebor

151 806 237 831 vera
249 792 268 806 ’¹
300 793 432 842 inquit,
465 796 625 841 “neque
656 805 718 830 me
747 793 928 841 Argolica
957 792 1005 829 de
1034 798 1148 841 gente
1178 792 1356 839 negabo:

150 853 226 890 hoc
256 853 446 901 primum;
487 864 571 897 nec,
602 852 632 888 si
661 852 843 889 miserum
874 851 1026 888 fortuna
1057 851 1244 888 Sinonem

151 913 271 958 finxit,
300 924 441 949 vanum
471 912 585 949 etiam
614 912 920 960 mendacemque
950 911 1128 960 improba
1156 910 1286 958 finget.
1502 914 1544 944 80

152 971 288 1008 Fando
318 970 472 1019 aliquod
504 971 534 1007 si
564 970 660 1008 forte
690 978 774 1007 tuas
803 971 975 1019 pervenit
1003 969 1052 1006 ad
1081 981 1192 1006 aures

153 1030 308 1068 Belidae
337 1042 481 1066 nomen
512 1029 726 1066 Palamedis
756 1036 793 1066 et
822 1029 950 1066 inclita
981 1028 1083 1064 fama

153 1090 283 1139 gloria,
315 1100 430 1138 quem
459 1088 555 1126 falsa
585 1089 656 1125 sub
684 1088 902 1137 proditione
932 1088 1082 1137 Pelasgi

153 1151 345 1187 insontem
374 1148 534 1185 infando
565 1148 709 1191 inditio,
743 1148 832 1196 quia
860 1147 958 1185 bella
988 1149 1149 1191 vetabat,

154 1209 339 1247 demisere
369 1208 465 1252 neci,
495 1219 598 1244 nunc
627 1219 779 1244 cassum
809 1207 952 1243 lumine
981 1207 1124 1255 lugent,
1502 1210 1542 1250 85

154 1269 204 1306 illi
233 1281 294 1305 me
325 1267 505 1305 comitem
535 1274 571 1304 et
601 1267 930 1315 consanguinitate
959 1266 1219 1314 propinquum

154 1339 300 1377 pauper
329 1327 367 1362 in
397 1337 503 1362 arma
532 1332 639 1374 pater
668 1325 800 1374 primis
830 1324 904 1362 huc
935 1325 1036 1361 misit
1065 1325 1114 1361 ab
1142 1325 1262 1361 annis.

154 1388 259 1425 Dum
290 1386 411 1423 stabat
439 1397 559 1434 regno
589 1384 791 1422 incolumis
821 1396 1031 1433 regumque
1060 1384 1210 1433 vigebat

156 1445 334 1489 consiliis,
364 1451 401 1482 et
429 1456 502 1481 nos
531 1444 687 1493 aliquod
716 1455 939 1492 nomenque
969 1442 1163 1491 decusque

156 1506 354 1555 gessimus.
414 1503 561 1540 Invidia
589 1510 794 1552 postquam
824 1503 979 1552 pellacis
1009 1502 1112 1539 Ulixi
1506 1515 1548 1547 90

157 1565 275 1616 (haud
304 1566 435 1614 ignota
463 1563 615 1614 loquor)
645 1564 791 1612 superis
820 1563 1013 1601 concessit
1043 1563 1091 1599 ab
1119 1562 1209 1607 oris,

157 1625 318 1663 afflictus
346 1625 461 1660 vitam
490 1624 529 1660 in
558 1624 720 1660 tenebris
749 1623 928 1671 luctuque
957 1622 1154 1659 trahebam

157 1692 194 1722 et
223 1695 355 1722 casum
384 1683 546 1720 insontis
575 1694 729 1719 mecum
758 1682 983 1730 indignabar
1012 1681 1135 1717 amici.

158 1743 243 1781 Nec
273 1742 372 1779 tacui
403 1742 573 1786 demens,
603 1749 640 1779 et
668 1753 742 1785 me,
775 1740 852 1777 fors
883 1741 911 1777 si
942 1752 1017 1789 qua
1047 1740 1202 1784 tulisset,

159 1804 190 1840 si
219 1803 362 1852 patrios
390 1813 574 1849 umquam
605 1812 836 1838 remeassem
865 1800 985 1836 victor
1015 1799 1063 1836 ad
1093 1799 1233 1847 Argos,
1508 1813 1548 1844 95

159 1862 318 1912 promisi
348 1861 510 1898 ultorem
539 1867 576 1897 et
604 1860 727 1897 verbis
757 1859 846 1896 odia
875 1870 1009 1908 aspera
1037 1858 1150 1895 movi.

160 1922 265 1959 Hine
293 1919 386 1957 mihi
415 1920 538 1969 prima
566 1919 655 1956 mali
684 1919 801 1963 labes,
832 1918 919 1955 hinc
950 1929 1101 1966 semper
1129 1916 1264 1954 Ulixes

160 1981 380 2019 criminibus
410 1987 546 2016 terrere
577 1979 694 2024 novis,
726 1978 815 2015 hinc
844 1989 1024 2026 spargere
1054 1988 1170 2014 voces

159 2041 199 2078 in
227 2040 382 2088 vulgum
412 2040 614 2088 ambiguas
643 2044 680 2075 et
709 2050 890 2087 quaerere
919 2036 1097 2074 conscius
1127 2047 1241 2072 arma.

161 2100 245 2137 Nec
275 2099 455 2148 requievit
484 2099 599 2142 enim,
631 2098 756 2135 donec
787 2096 999 2134 Calchante
1029 2095 1260 2132 ministro—
1492 2109 1552 2129 100

161 2159 229 2197 sed
257 2159 349 2207 quid
379 2169 453 2207 ego
482 2158 577 2195 haec
607 2164 736 2194 autem
765 2157 1000 2205 nequiquam
1029 2156 1178 2203 ingrata
1207 2153 1389 2190 revolvo?

162 2218 300 2267 quidve
329 2230 470 2261 moror,
502 2218 533 2255 si
562 2229 699 2254 omnes
727 2228 808 2253 uno
839 2216 972 2253 ordine
1000 2214 1150 2251 habetis
1180 2213 1348 2251 Achivos

161 2278 276 2327 idque
305 2277 433 2314 audire
464 2284 520 2313 sat
549 2276 631 2313 est?
669 2275 896 2313 iamdudum
925 2274 1061 2312 sumite
1090 2285 1262 2322 poenas:

161 2337 237 2375 hoc
267 2337 421 2374 Ithacus
451 2336 537 2373 velit
567 2343 604 2373 et
633 2347 779 2384 magno
807 2341 1024 2372 mercentur
1054 2331 1247 2371 Atridae.''

218 2396 345 2433 ‘Tum
374 2407 464 2432 vero
495 2395 671 2432 ardemus
700 2395 824 2432 scitari
853 2400 891 2431 et
918 2405 1099 2443 quaerere
1129 2404 1252 2437 casus,
1495 2406 1551 2437 105

165 2456 284 2505 ignari
314 2454 499 2493 scelerum
529 2461 724 2491 tantorum
754 2454 921 2502 artisque
953 2452 1149 2501 Pelasgae.

1503 624 1519 659 *J

1524 637 1540 657 'J
1527 627 1539 634 ι
