1669 2737
146 83 201 121 40
699 70 987 107 GEORGJCA.

147 183 249 222 haud
279 183 426 221 dubitat
455 189 576 220 terrae
606 180 773 220 referens
802 181 984 220 mandare
1014 193 1214 221 cacumen.

148 243 254 289 Quin
284 249 320 279 et
349 241 569 279 caudicibus
600 241 711 278 sectis
741 240 927 292 (mirabile
956 240 1074 292 dictu)

146 302 307 338 truditur
336 313 356 338 e
387 300 490 337 sicco
519 299 626 336 radix
656 299 832 348 oleagina
861 300 978 350 ligno.

147 360 198 397 Et
227 372 340 409 saepe
370 359 521 397 alterius
550 370 677 396 ramos
707 359 862 408 impune
891 361 1064 399 videmus

147 427 290 457 vertere
319 419 357 456 in
388 418 549 463 alterius,
579 425 843 467 mutatamque
872 419 984 458 insita
1011 419 1112 458 mala

147 479 245 517 ferre
274 479 409 528 pirum,
440 484 478 515 et
506 478 638 527 prunis
666 477 840 527 lapidosa
869 480 1069 518 rubescere
1098 490 1226 516 corna.

203 538 332 584 Quare
362 537 461 585 agite
491 548 515 574 o
544 537 722 586 proprios
749 539 961 586 generatim
992 538 1123 576 discite
1153 538 1275 575 cultus

148 598 349 647 agricolae,
379 596 597 645 fructusque
627 595 728 633 feros
756 596 900 634 mollite
929 597 1104 643 colendo,

147 670 224 694 neu
254 668 392 705 segnes
420 656 569 692 iaceant
598 661 729 692 terrae.
787 655 896 692 Iuvat
925 656 1071 694 Ismara
1100 655 1254 693 Baccho

148 727 348 754 conserere
379 721 492 764 atque
522 713 606 751 olea
635 726 821 763 magnum
851 716 983 752 vestire
1013 715 1253 753 Taburnum.

148 775 288 824 Tuque
318 774 421 820 ades,
450 774 724 822 inceptumque
753 786 830 811 una
860 773 1016 811 decurre
1044 774 1225 819 laborem,

148 847 173 872 ο
202 835 332 880 decus,
361 845 385 871 o
416 832 538 870 famae
568 833 704 870 merito
735 845 823 882 pars
852 833 1021 870 maxima
1049 840 1213 879 nostrae,

148 893 368 938 Maecenas,
397 891 613 941 pelagoque
643 891 776 928 volans
807 891 855 929 da
884 892 966 929 vela
995 893 1150 942 patenti.

149 952 242 990 Non
271 963 346 1000 ego
376 957 515 988 cuncta
542 950 638 987 meis
667 950 844 999 amplecti
868 951 1038 989 versibus
1068 956 1173 1000 opto,

148 1024 240 1058 non,
269 1011 363 1048 mihi
392 1010 422 1047 si
452 1009 604 1058 linguae
634 1016 790 1047 centurn
821 1010 895 1047 sint
923 1022 1065 1060 oraque
1095 1017 1261 1055 centum,

149 1072 272 1109 ferrea
300 1082 385 1108 vox.
443 1068 549 1106 Ades
578 1075 615 1106 et
644 1069 756 1118 primi
786 1070 870 1118 lege
899 1069 1016 1107 litoris
1045 1082 1176 1116 oram;

149 1132 189 1169 in
217 1131 393 1168 manibus
422 1135 566 1166 terrae:
610 1140 690 1165 non
718 1128 781 1166 hic
810 1135 846 1166 te
877 1129 1043 1166 carmine
1072 1129 1163 1167 ficto

150 1198 264 1240 atque
294 1202 361 1239 per
390 1189 572 1236 ambages
603 1194 639 1225 et
669 1187 786 1236 longa
814 1200 952 1225 exorsa
981 1189 1132 1226 tenebo.

206 1250 353 1299 Sponte
383 1260 451 1286 sua
479 1259 577 1296 quae
608 1258 648 1284 se
677 1246 814 1284 tollunt
843 1247 881 1284 in
910 1247 1063 1284 luminis
1092 1259 1192 1292 oras,

151 1308 358 1347 infecunda
387 1306 555 1357 quidem,
585 1305 652 1343 sed
681 1305 779 1342 laeta
809 1312 844 1342 et
874 1305 984 1343 fortia
1014 1313 1196 1355 surgunt3

152 1370 294 1420 quippe
325 1367 407 1405 solo
438 1373 572 1403 natura
601 1366 743 1402 subest.
801 1364 954 1403 Tamen
983 1365 1078 1403 haec
1108 1377 1274 1416 quoque,
1304 1365 1334 1402 si
1364 1364 1448 1415 quis

152 1429 293 1467 inserat
323 1433 387 1464 aut
417 1425 616 1463 scrobibus
646 1424 803 1462 mandet
832 1432 977 1462 mutata
1006 1426 1183 1472 subactis,

153 1487 326 1525 exuerint
356 1486 562 1523 silvestrem
592 1484 774 1530 animum,
805 1485 984 1534 cultuque
1013 1484 1199 1533 frequenti

153 1548 193 1585 in
223 1556 486 1596 quascumque
515 1543 619 1580 voles
649 1550 746 1580 artes
775 1542 877 1580 haud
907 1544 1012 1581 tarda
1042 1551 1255 1593 sequentur.

154 1606 240 1643 Nec
270 1617 350 1642 non
379 1611 415 1641 et
446 1602 579 1640 sterilis
609 1614 706 1651 quae
737 1603 913 1651 stirpibus
942 1604 1018 1640 exit
1046 1604 1095 1640 ab
1123 1604 1219 1649 imis,

153 1665 229 1703 hoc
260 1664 383 1710 faciat,
412 1673 554 1700 vacuos
583 1661 614 1698 si
644 1661 690 1697 sit
718 1660 865 1710 digesta
894 1674 962 1711 per
990 1674 1126 1711 agros:

154 1737 259 1763 nunc
288 1724 385 1761 altae
415 1721 571 1759 frondes
601 1726 638 1758 et
666 1721 759 1757 rami
788 1722 920 1759 matris
949 1728 1116 1770 opacant

156 1783 417 1832 crescentique
446 1780 619 1818 adimunt
642 1778 739 1817 fetus
768 1788 956 1829 uruntque
985 1779 1180 1818 ferentem.

156 1843 253 1888 Iam,
283 1854 381 1891 quae
411 1840 621 1878 seminibus
650 1839 755 1876 iactis
784 1851 824 1876 se
854 1839 1001 1876 sustulit
1031 1840 1156 1886 arbos,

156 1903 264 1940 tarda
292 1901 394 1939 venit
423 1899 515 1937 seris
544 1898 687 1936 factura
716 1899 920 1948 nepotibus
947 1898 1135 1944 umbram,

156 1973 349 2012 pomaque
379 1960 613 2008 degenerant
642 1969 755 1996 sucos
784 1958 901 1995 oblita
930 1959 1087 2008 priores,

158 2028 195 2059 et
224 2028 352 2070 turpes
380 2019 513 2056 avibus
542 2017 726 2068 praedam
754 2017 824 2055 fert
852 2030 925 2055 uva
951 2028 1136 2055 racemos.

158 2079 309 2117 Scilicet
337 2078 517 2116 omnibus
546 2084 604 2115 est
631 2076 739 2114 labor
766 2076 1060 2127 impendendus,
1090 2082 1128 2114 et
1156 2087 1294 2114 omnes

158 2138 357 2187 cogendae
385 2138 424 2174 in
454 2137 601 2174 sulcum
630 2148 676 2173 ac
705 2136 824 2173 multa
852 2135 1028 2173 mercede
1057 2135 1288 2174 domandae.

160 2197 237 2235 Sed
265 2197 408 2234 truncis
438 2196 546 2234 oleae
570 2194 719 2240 melius,
748 2195 962 2245 propagine
990 2195 1083 2232 vites

158 2256 404 2307 respondent,
435 2255 557 2293 solido
588 2254 758 2303 Paphiae
789 2255 837 2292 de
865 2255 1003 2292 robore
1031 2260 1200 2303 myrtus3

158 2316 295 2366 plantis
324 2322 361 2352 et
391 2315 510 2353 durae
540 2313 656 2363 coryli
685 2320 894 2351 nascuntur
921 2319 959 2350 et
987 2313 1125 2361 ingens

159 2375 327 2413 fraxinus
357 2373 651 2422 Herculeaeque
681 2374 797 2411 arbos
825 2373 1008 2411 umbrosa
1037 2382 1205 2409 coronae

159 2434 398 2484 Chaoniique
427 2433 546 2471 Patris
575 2433 746 2483 glandes,
775 2433 890 2471 etiam
919 2431 1036 2469 ardua
1064 2431 1193 2480 palma

1495 251 1538 284 30

1498 547 1536 579 35

1496 842 1542 874 40

1498 1141 1539 1173 45

1500 1437 1543 1469 50

1503 1734 1544 1766 55

1506 2021 1548 2053 60
