1669 2737
134 78 212 121 168
709 81 934 117 AENEIS.

131 193 328 242 Sergestus
359 191 459 241 capit
487 196 574 228 ante
602 190 731 227 locum
761 189 1000 239 scopuloque
1028 189 1272 240 propinquat,

129 265 200 290 nec
228 258 309 289 tota
337 258 467 288 tamen
495 250 554 287 ille
584 250 687 299 prior
715 256 923 299 praeeunte
953 249 1107 286 carina:

129 319 235 363 parte
263 312 377 360 prior,
406 310 544 360 partim
572 317 694 347 rostro
723 310 862 359 premit
891 309 1040 346 aemula
1068 308 1209 347 Pristis.

130 375 181 410 At
209 371 334 409 media
364 370 491 407 socios
520 369 703 407 incedens
733 381 830 406 nave
860 381 928 418 per
956 369 1062 418 ipsos

129 432 299 469 hortatur
328 428 580 466 Mnestheus:
621 427 760 465 ‘Nunc
788 439 891 465 nunc
919 428 1103 476 insurgite
1132 427 1259 473 remis,

131 489 314 528 Hectorei
344 488 449 533 socii,
479 486 622 525 Troiae
653 499 750 536 quos
780 494 882 524 sorte
912 498 1090 534 suprema

130 550 254 598 delegi
283 548 465 593 comites;
505 559 608 584 nunc
637 547 718 584 illas
748 546 912 595 promite
941 545 1049 591 vires,

130 621 234 646 nunc
264 607 423 651 animos,
456 606 592 655 quibus
620 606 659 643 in
689 605 860 643 Gaetulis
891 604 1062 654 Syrtibus
1091 604 1151 643 usi

130 668 319 716 Ionioque
349 666 444 702 mari
473 665 701 714 Maleaeque
731 665 962 714 sequacibus
990 664 1116 702 undis.

130 727 224 765 Non
253 727 329 763 iam
357 725 481 774 prima
509 733 599 773 peto
630 724 857 762 Mnestheus
886 735 1013 773 neque
1042 724 1192 761 vincere
1222 729 1337 768 certo,

131 796 365 837 quamquam
386 796 410 821 o
426 783 561 821 l—sed
581 789 771 832 superent,
794 783 931 832 quibus
951 783 1038 829 hoc,
1061 782 1255 832 Neptune,
1278 780 1437 820 dedisti:

130 853 323 884 extremos
353 843 493 893 pudeat
521 843 689 882 rediisse.
747 842 839 881 Hoc
868 843 1016 888 vincite,
1049 843 1161 888 cives,

131 913 166 945 et
194 905 391 956 prohibete
421 903 551 941 nefas.'
609 902 684 941 Olli
714 903 920 941 certamine
950 915 1104 940 summo

130 966 412 1017 procumbunt:
450 964 564 1001 vastis
593 964 719 1001 tremit
747 964 884 1001 ictibus
913 975 1024 1000 aerea
1053 963 1194 1012 puppis

132 1025 436 1073 subtrahiturque
466 1023 602 1068 solum,
632 1030 712 1060 tum
742 1023 873 1060 creber
902 1022 1091 1059 anhelitus
1121 1030 1223 1060 artus

132 1085 312 1134 aridaque
341 1095 410 1120 ora
439 1083 570 1132 quatit,
601 1082 718 1120 sudor
748 1082 829 1119 fluit
858 1082 1027 1131 undique
1056 1081 1154 1119 rivis.

132 1144 268 1183 Attulit
296 1144 378 1193 ipse
407 1143 493 1179 viris
522 1149 698 1191 optatum
729 1153 838 1178 casus
868 1140 1068 1178 honorem.

133 1205 312 1254 Namque
342 1202 470 1240 furens
499 1201 616 1238 animi
647 1201 738 1238 dum
766 1212 922 1250 proram
952 1200 1000 1237 ad
1030 1213 1124 1238 saxa
1154 1200 1337 1250 suburget

133 1265 287 1303 interior
316 1263 515 1312 spatioque
545 1261 645 1298 subit
675 1260 876 1309 Sergestus
905 1260 1049 1310 iniquo,

133 1324 263 1362 infelix
292 1322 393 1360 saxis
422 1321 461 1358 in
489 1320 799 1370 procurrentibus
828 1319 959 1357 haesit.

135 1384 359 1423 Concussae
389 1388 531 1426 cautes,
560 1387 596 1417 et
625 1386 738 1417 acuto
767 1379 807 1416 in
836 1379 979 1417 murice
1008 1379 1102 1417 remi

135 1443 268 1482 obnixi
298 1453 489 1490 crepuere,
517 1440 688 1488 illisaque
716 1451 830 1488 prora
859 1438 1054 1488 pependit.

135 1503 385 1550 Consurgunt
412 1507 549 1537 nautae
579 1506 616 1536 et
644 1510 789 1547 magno
820 1498 986 1536 clamore
1014 1503 1224 1544 morantur,

135 1563 365 1610 ferratasque
393 1559 522 1597 trudes
553 1566 589 1595 et
618 1565 730 1595 acuta
759 1557 917 1607 cuspide
947 1564 1084 1594 contos

136 1620 344 1671 expediunt
373 1619 588 1667 fractosque
618 1617 749 1666 legunt
777 1617 816 1654 in
843 1617 993 1665 gurgite
1021 1627 1159 1653 remos.

137 1682 191 1718 At
217 1680 337 1717 laetus
366 1677 593 1715 Mnestheus
622 1687 879 1725 successuque
909 1675 1030 1712 acrior
1058 1674 1142 1723 ipso

137 1740 291 1788 agmine
318 1749 510 1775 remorum
540 1736 651 1773 celeri
680 1735 878 1784 ventisque
908 1734 1051 1772 vocatis

137 1811 261 1848 prona
288 1797 382 1847 petit
409 1796 528 1833 maria
557 1802 593 1833 et
622 1795 762 1844 pelago
792 1794 953 1831 decurrit
982 1798 1126 1842 aperto.
1167 1807 1190 1836 x

139 1858 273 1905 Qualis
302 1856 485 1906 spelunca
513 1855 638 1892 subito
668 1859 864 1891 commota
893 1852 1081 1898 columba,

139 1918 199 1955 cui
229 1917 365 1953 domus
394 1922 430 1952 et
459 1914 589 1952 dulces
618 1913 808 1950 latebroso
837 1913 876 1949 in
906 1912 1059 1962 pumice
1088 1910 1178 1956 nidi,

139 1977 255 2014 fertur
284 1976 322 2011 in
351 1986 439 2012 arva
467 1973 600 2011 volans
629 1973 882 2022 plausumque
912 1971 1087 2008 exterrita
1115 1969 1254 2020 pennis

139 2036 204 2073 dat
232 2042 332 2072 tecto
361 2035 568 2082 ingentem,
597 2043 690 2069 mox
718 2035 804 2068 ae're
833 2031 940 2080 lapsa
968 2030 1097 2079 quieto

139 2094 235 2132 radit
263 2095 330 2131 iter
358 2093 545 2142 liquidum
574 2091 715 2129 celeres
749 2102 873 2139 neque
903 2096 1119 2127 commovet
1148 2089 1251 2127 alas:

141 2155 193 2192 sic
225 2152 462 2197 Mnestheus,
493 2152 546 2189 sic
575 2152 657 2200 ipsa
686 2150 778 2200 fuga
809 2156 911 2187 secat
939 2149 1071 2186 ultima
1100 2148 1231 2186 Pristis

141 2224 319 2262 aequora,
350 2212 403 2248 sic
432 2211 535 2248 illam
564 2210 635 2247 fert
663 2210 827 2258 impetus
856 2210 938 2258 ipse
966 2208 1169 2245 volantem.

140 2272 189 2310 Et
218 2271 383 2320 primum
412 2270 450 2306 in
479 2268 639 2318 scopulo
668 2269 878 2306 luctantem
906 2267 1043 2305 deserit
1072 2267 1149 2304 alto

144 2331 363 2379 Sergestum
392 2329 646 2377 brevibusque
675 2326 781 2365 vadis
811 2327 1021 2376 frustraque
1050 2332 1252 2364 vocantem

141 2389 279 2428 auxilia
308 2395 345 2426 et
373 2388 499 2425 fractis
530 2388 742 2425 discentem
771 2399 921 2424 currere
950 2386 1076 2424 remis.

142 2449 238 2487 Inde
268 2447 381 2498 Gyan
410 2448 613 2497 ipsamque
643 2446 788 2496 ingenti
816 2445 919 2484 mole
949 2444 1194 2483 Chimaeram

1456 194 1517 235 185

1455 499 1515 533 190

1460 795 1516 828 ¹95

1458 1095 1521 1117 200

1461 1391 1520 1422 205

1462 1687 1525 1710 210

1465 1984 1525 2015 215

1464 2280 1526 2303 220
