1669 2737
151 68 231 121 298
733 77 959 114 AENEJS.

205 182 267 220 Sic
296 183 347 220 ait
374 183 604 222 illacrimans
633 184 840 234 recipitque
869 185 918 222 ad
947 185 1077 222 limina
1105 197 1291 235 gressum,

150 255 290 291 corpus
318 243 383 280 ubi
412 244 577 281 exanimi
606 243 775 293 'positum
806 244 985 282 Pallantis
1015 245 1181 283 Acoetes

150 305 323 341 servabat
352 304 488 349 senior,
519 305 583 353 qui
614 304 813 342 Parrhasio
842 305 1022 342 Evandro

150 363 312 411 armiger
339 369 427 400 ante
455 363 533 408 fuit,
565 364 632 401 sed
662 376 741 400 non
771 363 941 401 felicibus
971 376 1093 413 aeque

149 427 230 457 tum
258 433 390 459 comes
417 422 594 470 auspiciis
623 434 712 459 caro
742 422 852 459 datus
881 424 958 459 ibat
987 423 1153 460 alumno.

150 479 303 517 Circum
333 481 458 517 omnis
488 480 748 530 famulumque
776 493 913 519 manus
942 482 1188 531 Troianaque
1219 482 1327 520 turba

150 546 186 576 et
214 546 402 576 maestum
431 539 569 577 Iliades
598 540 741 577 crinem
771 540 819 578 de
847 552 954 578 more
983 541 1140 579 solutae.

149 597 203 635 Ut
231 610 320 635 vero
350 598 503 635 Aeneas
533 598 676 636 foribus
706 611 789 636 sese
818 599 941 636 intulit
969 600 1061 645 altis,

148 657 344 706 ingentem
372 658 557 706 gemitum
585 658 706 694 tunsis
736 658 785 694 ad
814 658 938 695 sidera
966 659 1101 696 tollunt

149 718 379 767 pectoribus,
409 724 633 766 maestoque
662 716 838 765 immugit
867 717 970 766 regia
998 718 1111 755 luctu.

149 776 238 826 Ipse
267 783 382 825 caput
411 776 508 812 nivei
538 775 671 812 fultum
701 775 881 813 Pallantis
910 783 947 813 et
975 788 1043 814 ora

149 842 189 873 ut
217 835 308 872 vidit
336 834 482 884 levique
512 841 647 883 patens
676 834 715 870 in
745 841 901 883 pectore
930 835 1066 873 vulnus

149 896 316 945 cuspidis
345 895 551 940 Ausoniae,
580 894 741 931 lacrimis
770 894 821 931 ita
849 894 946 931 fatur
974 896 1130 933 obortis.

150 955 304 993 ‘Tene'
334 955 465 1004 inquit,
496 954 733 991 ‘miserande
764 966 868 1002 puer,
899 966 987 991 cum
1016 955 1114 992 laeta
1144 955 1298 1003 veniret,

149 1015 278 1053 invidit
306 1014 476 1052 Fortuna
505 1014 608 1058 mihi,
638 1025 687 1050 ne
715 1025 834 1061 regna
863 1013 1008 1051 videres

149 1082 279 1113 nostra
307 1086 432 1123 neque
461 1073 509 1110 ad
539 1073 648 1110 sedes
677 1073 795 1110 victor
823 1072 1002 1110 veherere
1031 1074 1236 1122 paternas?

149 1135 241 1173 Non
269 1134 363 1172 haec
392 1133 572 1170 Evandro
603 1133 650 1170 de
680 1139 717 1170 te
746 1133 932 1181 promissa
962 1133 1108 1182 parenti

148 1195 347 1232 discedens
377 1193 567 1237 dederam,
600 1205 687 1230 cum
717 1205 779 1229 me
808 1192 1034 1241 complexus
1064 1199 1219 1230 euntem

147 1255 309 1291 mitteret
337 1254 376 1289 in
406 1264 590 1301 magnum
620 1252 821 1300 imperium
850 1259 1102 1301 metuensque
1131 1258 1307 1290 moneret

148 1325 252 1352 acres
281 1325 364 1350 esse
392 1313 500 1357 viros,
533 1323 621 1348 cum
650 1312 744 1348 dura
774 1311 919 1360 proelia
946 1318 1071 1359 gente,

146 1375 196 1411 Et
223 1385 326 1410 nunc
357 1372 415 1409 ille
445 1371 599 1421 quidem
628 1383 696 1420 spe
725 1371 887 1408 multum
917 1377 1050 1420 captus
1080 1371 1184 1408 inani

147 1434 225 1471 fors
253 1439 290 1470 et
319 1439 407 1469 vota
435 1432 522 1469 facit
550 1430 791 1480 cumulatque
822 1430 951 1467 altaria
980 1430 1114 1467 donis:

147 1506 220 1530 nos
248 1493 424 1529 iuvenem
454 1491 674 1528 exanimum
704 1498 740 1527 et
770 1489 821 1526 nil
850 1490 925 1526 iam
955 1490 1179 1527 caelestibus
1208 1489 1292 1526 ullis

148 1555 351 1591 debentem
379 1564 478 1589 vano
506 1552 639 1588 maesti
669 1551 898 1588 comitamur
927 1550 1085 1588 honore.

147 1612 295 1657 Infelix,
326 1611 402 1647 nati
434 1611 547 1647 funus
576 1609 924 1648 crudelevidebisl

147 1672 202 1709 Hi
230 1670 348 1708 nostri
377 1670 520 1707 reditus
549 1669 837 1718 exspectatique
867 1669 1056 1719 triumphi,

146 1732 241 1769 haec
270 1741 356 1767 mea
384 1740 526 1777 magna
555 1728 675 1765 fides?
731 1728 783 1766 At
812 1740 904 1775 non,
935 1728 1124 1774 Evandre,
1154 1727 1343 1777 pudendis

147 1791 362 1829 vulneribus
391 1790 545 1839 pulsum
573 1789 737 1838 aspicies
767 1801 837 1827 nec
866 1789 1010 1838 sospite
1040 1789 1162 1826 dirum

148 1851 299 1901 optabis
329 1857 420 1887 nato
450 1849 563 1886 funus
592 1856 709 1897 pater.
768 1848 845 1885 Hei
874 1848 976 1893 mihi,
1008 1855 1194 1896 quantum

147 1910 378 1961 praesidium
407 1908 582 1946 Ausonia
611 1915 647 1945 et
676 1914 861 1957 quantum
890 1914 930 1944 tu
958 1907 1097 1956 perdis,
1128 1905 1255 1945 Iulel'

202 1970 312 2006 Haec
340 1969 404 2005 ubi
434 1968 595 2012 deflevit,
625 1967 704 2004 tolli
733 1966 946 2004 miserabile
975 1978 1114 2015 corpus

148 2031 308 2079 imperat
337 2035 374 2065 et
403 2034 484 2064 toto
513 2027 632 2064 lectos
661 2038 708 2063 ex
738 2026 893 2074 agmine
922 2026 1035 2062 mittit

147 2089 249 2126 mille
278 2088 389 2132 viros,
421 2087 485 2135 qui
515 2097 736 2134 supremum
766 2085 994 2122 comitentur
1023 2084 1213 2121 honorem

148 2147 395 2195 intersintque
423 2145 539 2194 patris
568 2144 743 2188 lacrimis,
775 2143 907 2181 solatia
935 2143 1057 2180 luctus

148 2208 288 2256 exigua
315 2205 493 2254 ingentis,
524 2204 663 2240 misero
693 2202 762 2240 sed
791 2203 919 2239 debita
948 2203 1054 2251 patri.

149 2266 268 2304 Haud
297 2276 435 2313 segnes
464 2264 524 2300 alii
554 2270 676 2300 crates
705 2269 743 2299 et
772 2261 885 2299 molle
914 2261 1092 2298 feretrum

149 2325 317 2363 arbuteis
346 2329 478 2360 texunt
507 2322 619 2370 virgis
649 2327 685 2358 et
714 2321 853 2357 vimine
882 2332 1029 2370 querno

150 2390 441 2430 exstructosque
471 2388 575 2418 toros
605 2381 766 2417 obtentu
796 2379 939 2416 frondis
969 2379 1200 2417 inumbrant.

153 2443 229 2481 Hic
259 2443 433 2479 iuvenem
463 2439 599 2488 agresti
628 2438 831 2476 sublimem
860 2437 1039 2476 stramine
1068 2444 1229 2487 ponunt,

1493 261 1536 292 30

1495 556 1534 587 35

1493 850 1536 879 40

1493 1149 1533 1179 45

1494 1445 1535 1477 50

1494 1744 1533 1774 55

1496 2030 1538 2062 60
