<?xml version="1.0" encoding="UTF-8"?>
<!DOCTYPE html PUBLIC "-//W3C//DTD XHTML 1.0 Transitional//EN"
    "http://www.w3.org/TR/xhtml1/DTD/xhtml1-transitional.dtd">
<html xmlns="http://www.w3.org/1999/xhtml" xml:lang="en" lang="en">
 <head>
  <title>
</title>
<meta http-equiv="Content-Type" content="text/html;charset=utf-8" />
  <meta name='ocr-system' content='tesseract 3.04.00' />
  <meta name='ocr-capabilities' content='ocr_page ocr_carea ocr_par ocr_line ocrx_word'/>
</head>
<body>
  <div class='ocr_page' id='page_1' title='image "./operavirgilwithi01virguoft_0292.png"; bbox 0 0 1669 2737; ppageno 0'>
   <div class='ocr_carea' id='block_1_1' title="bbox 140 52 940 97">
    <p class='ocr_par' dir='ltr' id='par_1_1' title="bbox 140 52 940 97">
     <span class='ocr_line' id='line_1_1' title="bbox 140 52 940 97; baseline 0.004 -10"><span class='ocrx_word' id='word_1_1' title='bbox 140 57 220 97; x_wconf 84' lang='lat'>224</span> <span class='ocrx_word' id='word_1_2' title='bbox 717 52 940 90; x_wconf 76' lang='lat' dir='ltr'><em>AENEJS.</em></span> 
     </span>
    </p>
   </div>
   <div class='ocr_carea' id='block_1_2' title="bbox 137 159 1330 1162">
    <p class='ocr_par' dir='ltr' id='par_1_2' title="bbox 138 159 1202 503">
     <span class='ocr_line' id='line_1_2' title="bbox 138 159 1151 211; baseline 0.003 -14"><span class='ocrx_word' id='word_1_3' title='bbox 138 161 242 197; x_wconf 89' lang='lat' dir='ltr'>vocis</span> <span class='ocrx_word' id='word_1_4' title='bbox 271 159 339 198; x_wconf 87' lang='lat' dir='ltr'>iter</span> <span class='ocrx_word' id='word_1_5' title='bbox 367 167 599 210; x_wconf 82' lang='lat' dir='ltr'>tenuemque</span> <span class='ocrx_word' id='word_1_6' title='bbox 628 160 779 198; x_wconf 84' lang='lat' dir='ltr'>inclusit</span> <span class='ocrx_word' id='word_1_7' title='bbox 808 162 995 211; x_wconf 85' lang='lat' dir='ltr'>sanguine</span> <span class='ocrx_word' id='word_1_8' title='bbox 1024 162 1151 200; x_wconf 90' lang='lat' dir='ltr'>vitam.</span> 
     </span>
     <span class='ocr_line' id='line_1_3' title="bbox 139 219 1202 270; baseline 0.002 -14"><span class='ocrx_word' id='word_1_9' title='bbox 139 219 312 268; x_wconf 79' lang='lat' dir='ltr'>Corpora</span> <span class='ocrx_word' id='word_1_10' title='bbox 341 220 458 257; x_wconf 91' lang='lat' dir='ltr'>multa</span> <span class='ocrx_word' id='word_1_11' title='bbox 487 221 606 257; x_wconf 87' lang='lat' dir='ltr'>virum</span> <span class='ocrx_word' id='word_1_12' title='bbox 638 220 738 258; x_wconf 89' lang='lat' dir='ltr'>circa</span> <span class='ocrx_word' id='word_1_13' title='bbox 768 222 972 270; x_wconf 85' lang='lat' dir='ltr'>seniorque</span> <span class='ocrx_word' id='word_1_14' title='bbox 1003 221 1202 268; x_wconf 81' lang='lat' dir='ltr'>Galaesus,</span> 
     </span>
     <span class='ocr_line' id='line_1_4' title="bbox 138 279 1150 327; baseline 0.002 -11"><span class='ocrx_word' id='word_1_15' title='bbox 138 280 229 316; x_wconf 91' lang='lat' dir='ltr'>dum</span> <span class='ocrx_word' id='word_1_16' title='bbox 259 279 345 327; x_wconf 88' lang='lat' dir='ltr'>paci</span> <span class='ocrx_word' id='word_1_17' title='bbox 374 279 544 316; x_wconf 87' lang='lat' dir='ltr'>medium</span> <span class='ocrx_word' id='word_1_18' title='bbox 574 291 615 316; x_wconf 89' lang='lat' dir='ltr'>se</span> <span class='ocrx_word' id='word_1_19' title='bbox 644 279 766 326; x_wconf 84' lang='lat' dir='ltr'>offert,</span> <span class='ocrx_word' id='word_1_20' title='bbox 796 281 1022 318; x_wconf 88' lang='lat' dir='ltr'>iustissimus</span> <span class='ocrx_word' id='word_1_21' title='bbox 1051 293 1150 318; x_wconf 89' lang='lat' dir='ltr'>unus</span> 
     </span>
     <span class='ocr_line' id='line_1_5' title="bbox 138 338 1095 387; baseline 0.003 -13"><span class='ocrx_word' id='word_1_22' title='bbox 138 339 201 387; x_wconf 91' lang='lat' dir='ltr'>qui</span> <span class='ocrx_word' id='word_1_23' title='bbox 232 338 298 376; x_wconf 89' lang='lat' dir='ltr'>fuit</span> <span class='ocrx_word' id='word_1_24' title='bbox 327 339 585 387; x_wconf 84' lang='lat' dir='ltr'>Ausoniisque</span> <span class='ocrx_word' id='word_1_25' title='bbox 614 339 705 376; x_wconf 89' lang='lat' dir='ltr'>olim</span> <span class='ocrx_word' id='word_1_26' title='bbox 736 340 943 378; x_wconf 86' lang='lat' dir='ltr'>ditissimus</span> <span class='ocrx_word' id='word_1_27' title='bbox 973 341 1095 377; x_wconf 89' lang='lat' dir='ltr'>arvis:</span> 
     </span>
     <span class='ocr_line' id='line_1_6' title="bbox 138 398 1139 448; baseline 0.003 -14"><span class='ocrx_word' id='word_1_28' title='bbox 138 398 306 447; x_wconf 90' lang='lat' dir='ltr'>quinque</span> <span class='ocrx_word' id='word_1_29' title='bbox 335 410 472 447; x_wconf 79' lang='lat' dir='ltr'>greges</span> <span class='ocrx_word' id='word_1_30' title='bbox 501 398 550 434; x_wconf 91' lang='lat' dir='ltr'>illi</span> <span class='ocrx_word' id='word_1_31' title='bbox 580 398 787 444; x_wconf 86' lang='lat' dir='ltr'>balantum,</span> <span class='ocrx_word' id='word_1_32' title='bbox 819 400 936 448; x_wconf 91' lang='lat' dir='ltr'>quina</span> <span class='ocrx_word' id='word_1_33' title='bbox 964 400 1139 437; x_wconf 78' lang='lat' dir='ltr'>redibant</span> 
     </span>
     <span class='ocr_line' id='line_1_7' title="bbox 138 461 1108 503; baseline 0.002 -8"><span class='ocrx_word' id='word_1_34' title='bbox 138 466 321 503; x_wconf 87' lang='lat' dir='ltr'>armenta,</span> <span class='ocrx_word' id='word_1_35' title='bbox 351 464 388 495; x_wconf 87' lang='lat' dir='ltr'>et</span> <span class='ocrx_word' id='word_1_36' title='bbox 416 466 554 495; x_wconf 89' lang='lat' dir='ltr'>terram</span> <span class='ocrx_word' id='word_1_37' title='bbox 585 465 739 495; x_wconf 85' lang='lat' dir='ltr'>centum</span> <span class='ocrx_word' id='word_1_38' title='bbox 768 461 936 496; x_wconf 89' lang='lat' dir='ltr'>vertebat</span> <span class='ocrx_word' id='word_1_39' title='bbox 966 461 1108 497; x_wconf 84' lang='lat' dir='ltr'>aratris.</span> 
     </span>
    </p>

    <p class='ocr_par' dir='ltr' id='par_1_3' title="bbox 137 519 1330 806">
     <span class='ocr_line' id='line_1_8' title="bbox 191 519 1330 569; baseline 0.003 -14"><span class='ocrx_word' id='word_1_40' title='bbox 191 519 319 567; x_wconf 82' lang='lat' dir='ltr'>Atque</span> <span class='ocrx_word' id='word_1_41' title='bbox 349 531 394 556; x_wconf 90' lang='lat' dir='ltr'>ea</span> <span class='ocrx_word' id='word_1_42' title='bbox 422 531 489 568; x_wconf 91' lang='lat' dir='ltr'>per</span> <span class='ocrx_word' id='word_1_43' title='bbox 517 531 676 567; x_wconf 82' lang='lat' dir='ltr'>campos</span> <span class='ocrx_word' id='word_1_44' title='bbox 706 531 831 568; x_wconf 93' lang='lat' dir='ltr'>aequo</span> <span class='ocrx_word' id='word_1_45' title='bbox 863 520 954 556; x_wconf 89' lang='lat' dir='ltr'>dum</span> <span class='ocrx_word' id='word_1_46' title='bbox 985 520 1109 557; x_wconf 90' lang='lat' dir='ltr'>Marte</span> <span class='ocrx_word' id='word_1_47' title='bbox 1139 528 1330 569; x_wconf 89' lang='lat' dir='ltr'>geruntur,</span> 
     </span>
     <span class='ocr_line' id='line_1_9' title="bbox 137 577 1205 628; baseline 0.002 -14"><span class='ocrx_word' id='word_1_48' title='bbox 137 580 315 627; x_wconf 87' lang='lat' dir='ltr'>promissi</span> <span class='ocrx_word' id='word_1_49' title='bbox 345 579 416 615; x_wconf 90' lang='lat' dir='ltr'>dea</span> <span class='ocrx_word' id='word_1_50' title='bbox 445 577 544 615; x_wconf 85' lang='lat' dir='ltr'>facta</span> <span class='ocrx_word' id='word_1_51' title='bbox 573 585 724 627; x_wconf 84' lang='lat' dir='ltr'>potens,</span> <span class='ocrx_word' id='word_1_52' title='bbox 754 580 819 615; x_wconf 90' lang='lat' dir='ltr'>ubi</span> <span class='ocrx_word' id='word_1_53' title='bbox 849 580 1035 628; x_wconf 87' lang='lat' dir='ltr'>sanguine</span> <span class='ocrx_word' id='word_1_54' title='bbox 1064 579 1205 616; x_wconf 85' lang='lat' dir='ltr'>beilum</span> 
     </span>
     <span class='ocr_line' id='line_1_10' title="bbox 137 637 1090 688; baseline 0.001 -14"><span class='ocrx_word' id='word_1_55' title='bbox 137 638 272 674; x_wconf 89' lang='lat' dir='ltr'>imbuit</span> <span class='ocrx_word' id='word_1_56' title='bbox 301 644 338 674; x_wconf 90' lang='lat' dir='ltr'>et</span> <span class='ocrx_word' id='word_1_57' title='bbox 366 637 511 686; x_wconf 81' lang='lat' dir='ltr'>primae</span> <span class='ocrx_word' id='word_1_58' title='bbox 542 638 734 674; x_wconf 89' lang='lat' dir='ltr'>commisit</span> <span class='ocrx_word' id='word_1_59' title='bbox 763 638 895 675; x_wconf 86' lang='lat' dir='ltr'>funera</span> <span class='ocrx_word' id='word_1_60' title='bbox 924 651 1090 688; x_wconf 79' lang='lat' dir='ltr'>pugnae,</span> 
     </span>
     <span class='ocr_line' id='line_1_11' title="bbox 139 696 1176 746; baseline 0.001 -12"><span class='ocrx_word' id='word_1_61' title='bbox 139 697 276 734; x_wconf 87' lang='lat' dir='ltr'>deserit</span> <span class='ocrx_word' id='word_1_62' title='bbox 306 696 537 745; x_wconf 87' lang='lat' dir='ltr'>Hesperiam</span> <span class='ocrx_word' id='word_1_63' title='bbox 569 703 605 733; x_wconf 91' lang='lat' dir='ltr'>et</span> <span class='ocrx_word' id='word_1_64' title='bbox 634 697 727 734; x_wconf 84' lang='lat' dir='ltr'>caeli</span> <span class='ocrx_word' id='word_1_65' title='bbox 757 709 942 735; x_wconf 89' lang='lat' dir='ltr'>conversa</span> <span class='ocrx_word' id='word_1_66' title='bbox 970 710 1039 746; x_wconf 90' lang='lat' dir='ltr'>per</span> <span class='ocrx_word' id='word_1_67' title='bbox 1067 709 1176 735; x_wconf 86' lang='lat' dir='ltr'>auras</span> 
     </span>
     <span class='ocr_line' id='line_1_12' title="bbox 138 756 992 806; baseline 0 -13"><span class='ocrx_word' id='word_1_68' title='bbox 138 756 329 793; x_wconf 89' lang='lat' dir='ltr'>Iunonem</span> <span class='ocrx_word' id='word_1_69' title='bbox 358 756 488 793; x_wconf 87' lang='lat' dir='ltr'>victrix</span> <span class='ocrx_word' id='word_1_70' title='bbox 519 756 655 792; x_wconf 84' lang='lat' dir='ltr'>affatur</span> <span class='ocrx_word' id='word_1_71' title='bbox 684 768 778 793; x_wconf 89' lang='lat' dir='ltr'>voce</span> <span class='ocrx_word' id='word_1_72' title='bbox 807 758 992 806; x_wconf 88' lang='lat' dir='ltr'>superba:</span> 
     </span>
    </p>

    <p class='ocr_par' dir='ltr' id='par_1_4' title="bbox 140 815 1016 864">
     <span class='ocr_line' id='line_1_13' title="bbox 140 815 1016 864; baseline 0.003 -13"><span class='ocrx_word' id='word_1_73' title='bbox 140 815 232 861; x_wconf 82' lang='lat' dir='ltr'>‘En‚</span> <span class='ocrx_word' id='word_1_74' title='bbox 263 815 432 864; x_wconf 90' lang='lat' dir='ltr'>perfecta</span> <span class='ocrx_word' id='word_1_75' title='bbox 459 815 525 851; x_wconf 88' lang='lat' dir='ltr'>tibi</span> <span class='ocrx_word' id='word_1_76' title='bbox 555 815 655 852; x_wconf 88' lang='lat' dir='ltr'>bello</span> <span class='ocrx_word' id='word_1_77' title='bbox 686 815 874 853; x_wconf 85' lang='lat' dir='ltr'>discordia</span> <span class='ocrx_word' id='word_1_78' title='bbox 903 817 1016 854; x_wconf 81' lang='lat' dir='ltr'>tristi:</span> 
     </span>
    </p>

    <p class='ocr_par' dir='ltr' id='par_1_5' title="bbox 138 874 1297 1162">
     <span class='ocr_line' id='line_1_14' title="bbox 139 874 1118 925; baseline 0.002 -15"><span class='ocrx_word' id='word_1_79' title='bbox 139 874 198 912; x_wconf 91' lang='lat' dir='ltr'>dic</span> <span class='ocrx_word' id='word_1_80' title='bbox 228 875 266 911; x_wconf 91' lang='lat' dir='ltr'>in</span> <span class='ocrx_word' id='word_1_81' title='bbox 296 874 501 912; x_wconf 88' lang='lat' dir='ltr'>amicitiam</span> <span class='ocrx_word' id='word_1_82' title='bbox 532 881 670 911; x_wconf 90' lang='lat' dir='ltr'>coeant</span> <span class='ocrx_word' id='word_1_83' title='bbox 699 882 736 912; x_wconf 92' lang='lat' dir='ltr'>et</span> <span class='ocrx_word' id='word_1_84' title='bbox 765 875 919 913; x_wconf 77' lang='lat' dir='ltr'>foedera</span> <span class='ocrx_word' id='word_1_85' title='bbox 948 876 1118 925; x_wconf 87' lang='lat' dir='ltr'>iungant.</span> 
     </span>
     <span class='ocr_line' id='line_1_15' title="bbox 140 934 1297 984; baseline 0.001 -13"><span class='ocrx_word' id='word_1_86' title='bbox 140 935 467 983; x_wconf 84' lang='lat' dir='ltr'>Quandoquidem</span> <span class='ocrx_word' id='word_1_87' title='bbox 497 935 673 971; x_wconf 87' lang='lat' dir='ltr'>Ausonio</span> <span class='ocrx_word' id='word_1_88' title='bbox 703 936 866 983; x_wconf 86' lang='lat' dir='ltr'>respersi</span> <span class='ocrx_word' id='word_1_89' title='bbox 895 936 1081 984; x_wconf 88' lang='lat' dir='ltr'>sanguine</span> <span class='ocrx_word' id='word_1_90' title='bbox 1111 934 1297 980; x_wconf 91' lang='lat' dir='ltr'>Teucros,</span> 
     </span>
     <span class='ocr_line' id='line_1_16' title="bbox 138 994 1265 1040; baseline -0.001 -8"><span class='ocrx_word' id='word_1_91' title='bbox 138 995 212 1032; x_wconf 92' lang='lat' dir='ltr'>hoc</span> <span class='ocrx_word' id='word_1_92' title='bbox 243 995 357 1032; x_wconf 84' lang='lat' dir='ltr'>etiam</span> <span class='ocrx_word' id='word_1_93' title='bbox 386 994 445 1031; x_wconf 86' lang='lat' dir='ltr'>his</span> <span class='ocrx_word' id='word_1_94' title='bbox 474 994 627 1040; x_wconf 87' lang='lat' dir='ltr'>addam,</span> <span class='ocrx_word' id='word_1_95' title='bbox 658 1001 723 1031; x_wconf 93' lang='lat' dir='ltr'>tua</span> <span class='ocrx_word' id='word_1_96' title='bbox 753 995 783 1031; x_wconf 84' lang='lat' dir='ltr'>si</span> <span class='ocrx_word' id='word_1_97' title='bbox 813 994 905 1031; x_wconf 91' lang='lat' dir='ltr'>mihi</span> <span class='ocrx_word' id='word_1_98' title='bbox 935 1002 1038 1032; x_wconf 89' lang='lat' dir='ltr'>certa</span> <span class='ocrx_word' id='word_1_99' title='bbox 1066 995 1265 1032; x_wconf 87' lang='lat' dir='ltr'>voluntas:</span> 
     </span>
     <span class='ocr_line' id='line_1_17' title="bbox 139 1053 1045 1092; baseline 0.001 -2"><span class='ocrx_word' id='word_1_100' title='bbox 139 1054 317 1092; x_wconf 84' lang='lat' dir='ltr'>finitimas</span> <span class='ocrx_word' id='word_1_101' title='bbox 346 1054 384 1090; x_wconf 88' lang='lat' dir='ltr'>in</span> <span class='ocrx_word' id='word_1_102' title='bbox 413 1053 511 1090; x_wconf 89' lang='lat' dir='ltr'>bella</span> <span class='ocrx_word' id='word_1_103' title='bbox 541 1053 659 1090; x_wconf 89' lang='lat' dir='ltr'>feram</span> <span class='ocrx_word' id='word_1_104' title='bbox 688 1055 903 1091; x_wconf 87' lang='lat' dir='ltr'>rumoribus</span> <span class='ocrx_word' id='word_1_105' title='bbox 932 1055 1045 1091; x_wconf 89' lang='lat' dir='ltr'>urbes</span> 
     </span>
     <span class='ocr_line' id='line_1_18' title="bbox 138 1113 1094 1162; baseline 0 -12"><span class='ocrx_word' id='word_1_106' title='bbox 138 1113 425 1162; x_wconf 86' lang='lat' dir='ltr'>accendamque</span> <span class='ocrx_word' id='word_1_107' title='bbox 454 1113 604 1150; x_wconf 88' lang='lat' dir='ltr'>animos</span> <span class='ocrx_word' id='word_1_108' title='bbox 634 1114 757 1150; x_wconf 89' lang='lat' dir='ltr'>insani</span> <span class='ocrx_word' id='word_1_109' title='bbox 788 1113 923 1150; x_wconf 86' lang='lat' dir='ltr'>Martis</span> <span class='ocrx_word' id='word_1_110' title='bbox 952 1125 1094 1158; x_wconf 91' lang='lat' dir='ltr'>amore,</span> 
     </span>
    </p>
   </div>
   <div class='ocr_carea' id='block_1_3' title="bbox 137 1172 1371 1222">
    <p class='ocr_par' dir='ltr' id='par_1_6' title="bbox 137 1172 1371 1222">
     <span class='ocr_line' id='line_1_19' title="bbox 137 1172 1371 1222; baseline 0.001 -14"><span class='ocrx_word' id='word_1_111' title='bbox 137 1172 307 1221; x_wconf 91' lang='lat' dir='ltr'>undique</span> <span class='ocrx_word' id='word_1_112' title='bbox 336 1179 376 1209; x_wconf 92' lang='lat' dir='ltr'>ut</span> <span class='ocrx_word' id='word_1_113' title='bbox 406 1173 546 1209; x_wconf 83' lang='lat' dir='ltr'>auxilio</span> <span class='ocrx_word' id='word_1_114' title='bbox 576 1174 750 1219; x_wconf 86' lang='lat' dir='ltr'>veniant;</span> <span class='ocrx_word' id='word_1_115' title='bbox 795 1185 974 1222; x_wconf 86' lang='lat' dir='ltr'>spargam</span> <span class='ocrx_word' id='word_1_116' title='bbox 1005 1185 1110 1209; x_wconf 89' lang='lat' dir='ltr'>arma</span> <span class='ocrx_word' id='word_1_117' title='bbox 1139 1185 1206 1222; x_wconf 89' lang='lat' dir='ltr'>per</span> <span class='ocrx_word' id='word_1_118' title='bbox 1234 1172 1371 1221; x_wconf 57' lang='lat' dir='ltr'>agros?</span> 
     </span>
    </p>
   </div>
   <div class='ocr_carea' id='block_1_4' title="bbox 138 1231 1312 2409">
    <p class='ocr_par' dir='ltr' id='par_1_7' title="bbox 139 1231 1312 1340">
     <span class='ocr_line' id='line_1_20' title="bbox 139 1231 1312 1269; baseline 0 -1"><span class='ocrx_word' id='word_1_119' title='bbox 139 1231 243 1268; x_wconf 92' lang='lat' dir='ltr'>Tum</span> <span class='ocrx_word' id='word_1_120' title='bbox 274 1238 408 1269; x_wconf 90' lang='lat' dir='ltr'>contra</span> <span class='ocrx_word' id='word_1_121' title='bbox 437 1231 536 1269; x_wconf 90' lang='lat' dir='ltr'>Iuno</span> <span class='ocrx_word' id='word_1_122' title='bbox 568 1232 800 1269; x_wconf 87' lang='lat' dir='ltr'>‘Terrorum</span> <span class='ocrx_word' id='word_1_123' title='bbox 828 1240 865 1269; x_wconf 93' lang='lat' dir='ltr'>et</span> <span class='ocrx_word' id='word_1_124' title='bbox 894 1233 1034 1269; x_wconf 87' lang='lat' dir='ltr'>fraudis</span> <span class='ocrx_word' id='word_1_125' title='bbox 1063 1232 1216 1269; x_wconf 86' lang='lat' dir='ltr'>abunde</span> <span class='ocrx_word' id='word_1_126' title='bbox 1245 1239 1312 1268; x_wconf 88' lang='lat' dir='ltr'>est.</span> 
     </span>
     <span class='ocr_line' id='line_1_21' title="bbox 142 1291 1167 1340; baseline 0.002 -12"><span class='ocrx_word' id='word_1_127' title='bbox 142 1291 249 1329; x_wconf 87' lang='lat' dir='ltr'>Stant</span> <span class='ocrx_word' id='word_1_128' title='bbox 277 1291 365 1328; x_wconf 91' lang='lat' dir='ltr'>belli</span> <span class='ocrx_word' id='word_1_129' title='bbox 395 1303 543 1337; x_wconf 85' lang='lat' dir='ltr'>causae,</span> <span class='ocrx_word' id='word_1_130' title='bbox 573 1299 765 1340; x_wconf 86' lang='lat' dir='ltr'>pugnatur</span> <span class='ocrx_word' id='word_1_131' title='bbox 794 1293 1012 1329; x_wconf 88' lang='lat' dir='ltr'>comminus</span> <span class='ocrx_word' id='word_1_132' title='bbox 1042 1293 1167 1335; x_wconf 88' lang='lat' dir='ltr'>armis,</span> 
     </span>
    </p>

    <p class='ocr_par' dir='ltr' id='par_1_8' title="bbox 139 1351 1267 1520">
     <span class='ocr_line' id='line_1_22' title="bbox 139 1351 1267 1402; baseline -0.001 -13"><span class='ocrx_word' id='word_1_133' title='bbox 139 1365 236 1402; x_wconf 88' lang='lat' dir='ltr'>quae</span> <span class='ocrx_word' id='word_1_134' title='bbox 267 1352 344 1389; x_wconf 83' lang='lat' dir='ltr'>fors</span> <span class='ocrx_word' id='word_1_135' title='bbox 374 1352 495 1401; x_wconf 85' lang='lat' dir='ltr'>prima</span> <span class='ocrx_word' id='word_1_136' title='bbox 522 1351 626 1389; x_wconf 88' lang='lat' dir='ltr'>dedit</span> <span class='ocrx_word' id='word_1_137' title='bbox 656 1353 811 1400; x_wconf 83' lang='lat' dir='ltr'>sanguis</span> <span class='ocrx_word' id='word_1_138' title='bbox 841 1364 962 1389; x_wconf 89' lang='lat' dir='ltr'>novus</span> <span class='ocrx_word' id='word_1_139' title='bbox 991 1353 1123 1389; x_wconf 89' lang='lat' dir='ltr'>imbuit</span> <span class='ocrx_word' id='word_1_140' title='bbox 1152 1364 1267 1388; x_wconf 85' lang='lat' dir='ltr'>arma.</span> 
     </span>
     <span class='ocr_line' id='line_1_23' title="bbox 140 1411 1135 1461; baseline 0 -12"><span class='ocrx_word' id='word_1_141' title='bbox 140 1412 251 1449; x_wconf 83' lang='lat' dir='ltr'>Talia</span> <span class='ocrx_word' id='word_1_142' title='bbox 281 1412 459 1460; x_wconf 86' lang='lat' dir='ltr'>coniugia</span> <span class='ocrx_word' id='word_1_143' title='bbox 488 1418 525 1448; x_wconf 91' lang='lat' dir='ltr'>et</span> <span class='ocrx_word' id='word_1_144' title='bbox 553 1411 647 1448; x_wconf 88' lang='lat' dir='ltr'>tales</span> <span class='ocrx_word' id='word_1_145' title='bbox 677 1412 871 1449; x_wconf 90' lang='lat' dir='ltr'>celebrent</span> <span class='ocrx_word' id='word_1_146' title='bbox 901 1412 1135 1461; x_wconf 88' lang='lat' dir='ltr'>hymenaeos</span> 
     </span>
     <span class='ocr_line' id='line_1_24' title="bbox 140 1470 1150 1520; baseline -0.001 -11"><span class='ocrx_word' id='word_1_147' title='bbox 140 1471 334 1520; x_wconf 85' lang='lat' dir='ltr'>egregium</span> <span class='ocrx_word' id='word_1_148' title='bbox 364 1470 526 1507; x_wconf 88' lang='lat' dir='ltr'>Veneris</span> <span class='ocrx_word' id='word_1_149' title='bbox 555 1482 678 1519; x_wconf 88' lang='lat' dir='ltr'>genus</span> <span class='ocrx_word' id='word_1_150' title='bbox 708 1477 745 1508; x_wconf 89' lang='lat' dir='ltr'>et</span> <span class='ocrx_word' id='word_1_151' title='bbox 773 1483 838 1507; x_wconf 88' lang='lat' dir='ltr'>rex</span> <span class='ocrx_word' id='word_1_152' title='bbox 869 1471 951 1520; x_wconf 89' lang='lat' dir='ltr'>ipse</span> <span class='ocrx_word' id='word_1_153' title='bbox 981 1471 1150 1508; x_wconf 88' lang='lat' dir='ltr'>Latinus.</span> 
     </span>
    </p>

    <p class='ocr_par' dir='ltr' id='par_1_9' title="bbox 140 1529 1051 1578">
     <span class='ocr_line' id='line_1_25' title="bbox 140 1529 1051 1578; baseline -0.001 -10"><span class='ocrx_word' id='word_1_154' title='bbox 140 1531 199 1568; x_wconf 93' lang='lat' dir='ltr'>Te</span> <span class='ocrx_word' id='word_1_155' title='bbox 229 1542 342 1578; x_wconf 85' lang='lat' dir='ltr'>super</span> <span class='ocrx_word' id='word_1_156' title='bbox 371 1529 554 1566; x_wconf 83' lang='lat' dir='ltr'>aetherias</span> <span class='ocrx_word' id='word_1_157' title='bbox 583 1541 707 1566; x_wconf 88' lang='lat' dir='ltr'>errare</span> <span class='ocrx_word' id='word_1_158' title='bbox 736 1530 909 1568; x_wconf 85' lang='lat' dir='ltr'>licentius</span> <span class='ocrx_word' id='word_1_159' title='bbox 940 1543 1051 1567; x_wconf 92' lang='lat' dir='ltr'>auras</span> 
     </span>
    </p>

    <p class='ocr_par' dir='ltr' id='par_1_10' title="bbox 138 1588 1301 1757">
     <span class='ocr_line' id='line_1_26' title="bbox 138 1588 1183 1639; baseline 0 -12"><span class='ocrx_word' id='word_1_160' title='bbox 138 1589 241 1628; x_wconf 89' lang='lat' dir='ltr'>haud</span> <span class='ocrx_word' id='word_1_161' title='bbox 270 1589 381 1625; x_wconf 90' lang='lat' dir='ltr'>Pater</span> <span class='ocrx_word' id='word_1_162' title='bbox 409 1588 469 1625; x_wconf 90' lang='lat' dir='ltr'>ille</span> <span class='ocrx_word' id='word_1_163' title='bbox 498 1588 595 1633; x_wconf 85' lang='lat' dir='ltr'>velit,</span> <span class='ocrx_word' id='word_1_164' title='bbox 627 1589 767 1625; x_wconf 89' lang='lat' dir='ltr'>summi</span> <span class='ocrx_word' id='word_1_165' title='bbox 796 1596 976 1637; x_wconf 89' lang='lat' dir='ltr'>regnator</span> <span class='ocrx_word' id='word_1_166' title='bbox 1005 1589 1183 1639; x_wconf 86' lang='lat' dir='ltr'>Olympi:</span> 
     </span>
     <span class='ocr_line' id='line_1_27' title="bbox 140 1646 1301 1697; baseline 0 -10"><span class='ocrx_word' id='word_1_167' title='bbox 140 1646 233 1687; x_wconf 73' lang='lat' dir='ltr'>cede</span> <span class='ocrx_word' id='word_1_168' title='bbox 261 1648 355 1686; x_wconf 91' lang='lat' dir='ltr'>locis</span> <span class='ocrx_word' id='word_1_169' title='bbox 372 1661 382 1694; x_wconf 75' lang='lat'>3</span> <span class='ocrx_word' id='word_1_170' title='bbox 421 1660 507 1697; x_wconf 88' lang='lat' dir='ltr'>ego,</span> <span class='ocrx_word' id='word_1_171' title='bbox 538 1648 568 1685; x_wconf 88' lang='lat' dir='ltr'>si</span> <span class='ocrx_word' id='word_1_172' title='bbox 598 1661 673 1696; x_wconf 83' lang='lat' dir='ltr'>qua</span> <span class='ocrx_word' id='word_1_173' title='bbox 704 1661 818 1697; x_wconf 91' lang='lat' dir='ltr'>super</span> <span class='ocrx_word' id='word_1_174' title='bbox 847 1648 1000 1686; x_wconf 87' lang='lat' dir='ltr'>fortuna</span> <span class='ocrx_word' id='word_1_175' title='bbox 1029 1649 1202 1687; x_wconf 88' lang='lat' dir='ltr'>laborum</span> <span class='ocrx_word' id='word_1_176' title='bbox 1233 1657 1301 1695; x_wconf 90' lang='lat' dir='ltr'>est,</span> 
     </span>
     <span class='ocr_line' id='line_1_28' title="bbox 139 1706 1119 1757; baseline 0 -11"><span class='ocrx_word' id='word_1_177' title='bbox 139 1709 221 1757; x_wconf 90' lang='lat' dir='ltr'>ipsa</span> <span class='ocrx_word' id='word_1_178' title='bbox 249 1706 401 1756; x_wconf 57' lang='lat' dir='ltr'>regam?</span> <span class='ocrx_word' id='word_1_179' title='bbox 459 1707 576 1744; x_wconf 90' lang='lat' dir='ltr'>Tales</span> <span class='ocrx_word' id='word_1_180' title='bbox 605 1707 762 1744; x_wconf 86' lang='lat' dir='ltr'>dederat</span> <span class='ocrx_word' id='word_1_181' title='bbox 792 1707 967 1745; x_wconf 87' lang='lat' dir='ltr'>Saturnia</span> <span class='ocrx_word' id='word_1_182' title='bbox 995 1721 1119 1746; x_wconf 88' lang='lat' dir='ltr'>voces.</span> 
     </span>
    </p>

    <p class='ocr_par' dir='ltr' id='par_1_11' title="bbox 140 1766 1177 1876">
     <span class='ocr_line' id='line_1_29' title="bbox 140 1766 1087 1815; baseline 0 -10"><span class='ocrx_word' id='word_1_183' title='bbox 140 1768 209 1805; x_wconf 88' lang='lat' dir='ltr'>Illa</span> <span class='ocrx_word' id='word_1_184' title='bbox 238 1773 366 1804; x_wconf 91' lang='lat' dir='ltr'>autem</span> <span class='ocrx_word' id='word_1_185' title='bbox 395 1766 530 1804; x_wconf 90' lang='lat' dir='ltr'>attollit</span> <span class='ocrx_word' id='word_1_186' title='bbox 559 1766 761 1804; x_wconf 87' lang='lat' dir='ltr'>stridentes</span> <span class='ocrx_word' id='word_1_187' title='bbox 790 1768 979 1815; x_wconf 88' lang='lat' dir='ltr'>anguibus</span> <span class='ocrx_word' id='word_1_188' title='bbox 1008 1767 1087 1805; x_wconf 89' lang='lat' dir='ltr'>alas</span> 
     </span>
     <span class='ocr_line' id='line_1_30' title="bbox 141 1826 1177 1876; baseline -0.001 -11"><span class='ocrx_word' id='word_1_189' title='bbox 141 1827 353 1876; x_wconf 86' lang='lat' dir='ltr'>Cocytique</span> <span class='ocrx_word' id='word_1_190' title='bbox 383 1826 476 1875; x_wconf 87' lang='lat' dir='ltr'>petit</span> <span class='ocrx_word' id='word_1_191' title='bbox 504 1826 645 1872; x_wconf 85' lang='lat' dir='ltr'>sedem,</span> <span class='ocrx_word' id='word_1_192' title='bbox 677 1838 815 1875; x_wconf 90' lang='lat' dir='ltr'>supera</span> <span class='ocrx_word' id='word_1_193' title='bbox 843 1826 962 1863; x_wconf 90' lang='lat' dir='ltr'>ardua</span> <span class='ocrx_word' id='word_1_194' title='bbox 991 1827 1177 1876; x_wconf 89' lang='lat' dir='ltr'>linquens.</span> 
     </span>
    </p>

    <p class='ocr_par' dir='ltr' id='par_1_12' title="bbox 141 1885 1116 1931">
     <span class='ocr_line' id='line_1_31' title="bbox 141 1885 1116 1931; baseline 0 -7"><span class='ocrx_word' id='word_1_195' title='bbox 141 1887 210 1925; x_wconf 87' lang='lat' dir='ltr'>Est</span> <span class='ocrx_word' id='word_1_196' title='bbox 238 1887 346 1924; x_wconf 86' lang='lat' dir='ltr'>locus</span> <span class='ocrx_word' id='word_1_197' title='bbox 375 1885 506 1923; x_wconf 85' lang='lat' dir='ltr'>Italiae</span> <span class='ocrx_word' id='word_1_198' title='bbox 535 1886 664 1923; x_wconf 90' lang='lat' dir='ltr'>medio</span> <span class='ocrx_word' id='word_1_199' title='bbox 695 1886 765 1922; x_wconf 83' lang='lat' dir='ltr'>sub</span> <span class='ocrx_word' id='word_1_200' title='bbox 794 1886 990 1923; x_wconf 89' lang='lat' dir='ltr'>montibus</span> <span class='ocrx_word' id='word_1_201' title='bbox 1021 1886 1116 1931; x_wconf 89' lang='lat' dir='ltr'>altis,</span> 
     </span>
    </p>

    <p class='ocr_par' dir='ltr' id='par_1_13' title="bbox 141 1944 1239 2162">
     <span class='ocr_line' id='line_1_32' title="bbox 141 1944 1077 1991; baseline -0.001 -7"><span class='ocrx_word' id='word_1_202' title='bbox 141 1946 279 1984; x_wconf 86' lang='lat' dir='ltr'>nobilis</span> <span class='ocrx_word' id='word_1_203' title='bbox 307 1952 344 1982; x_wconf 92' lang='lat' dir='ltr'>et</span> <span class='ocrx_word' id='word_1_204' title='bbox 374 1944 475 1982; x_wconf 87' lang='lat' dir='ltr'>fama</span> <span class='ocrx_word' id='word_1_205' title='bbox 503 1945 629 1982; x_wconf 89' lang='lat' dir='ltr'>multis</span> <span class='ocrx_word' id='word_1_206' title='bbox 658 1952 891 1982; x_wconf 90' lang='lat' dir='ltr'>memoratus</span> <span class='ocrx_word' id='word_1_207' title='bbox 919 1946 958 1981; x_wconf 90' lang='lat' dir='ltr'>in</span> <span class='ocrx_word' id='word_1_208' title='bbox 989 1946 1077 1991; x_wconf 91' lang='lat' dir='ltr'>oris,</span> 
     </span>
     <span class='ocr_line' id='line_1_33' title="bbox 141 2003 1212 2054; baseline -0.001 -11"><span class='ocrx_word' id='word_1_209' title='bbox 141 2005 369 2054; x_wconf 88' lang='lat' dir='ltr'>Ampsancti</span> <span class='ocrx_word' id='word_1_210' title='bbox 397 2004 535 2041; x_wconf 84' lang='lat' dir='ltr'>valles:</span> <span class='ocrx_word' id='word_1_211' title='bbox 575 2004 702 2041; x_wconf 83' lang='lat' dir='ltr'>densis</span> <span class='ocrx_word' id='word_1_212' title='bbox 732 2004 833 2041; x_wconf 88' lang='lat' dir='ltr'>hunc</span> <span class='ocrx_word' id='word_1_213' title='bbox 863 2003 1062 2042; x_wconf 91' lang='lat' dir='ltr'>frondibus</span> <span class='ocrx_word' id='word_1_214' title='bbox 1091 2012 1212 2042; x_wconf 88' lang='lat' dir='ltr'>atrum</span> 
     </span>
     <span class='ocr_line' id='line_1_34' title="bbox 141 2063 1239 2113; baseline 0 -12"><span class='ocrx_word' id='word_1_215' title='bbox 141 2071 249 2113; x_wconf 89' lang='lat' dir='ltr'>urget</span> <span class='ocrx_word' id='word_1_216' title='bbox 277 2063 466 2112; x_wconf 87' lang='lat' dir='ltr'>utrimque</span> <span class='ocrx_word' id='word_1_217' title='bbox 494 2063 590 2100; x_wconf 88' lang='lat' dir='ltr'>latus</span> <span class='ocrx_word' id='word_1_218' title='bbox 619 2064 798 2107; x_wconf 89' lang='lat' dir='ltr'>nemoris,</span> <span class='ocrx_word' id='word_1_219' title='bbox 828 2063 1034 2112; x_wconf 83' lang='lat' dir='ltr'>medioque</span> <span class='ocrx_word' id='word_1_220' title='bbox 1064 2063 1239 2112; x_wconf 87' lang='lat' dir='ltr'>fragosus</span> 
     </span>
     <span class='ocr_line' id='line_1_35' title="bbox 142 2122 1078 2162; baseline -0.002 -1"><span class='ocrx_word' id='word_1_221' title='bbox 142 2125 206 2162; x_wconf 88' lang='lat' dir='ltr'>dat</span> <span class='ocrx_word' id='word_1_222' title='bbox 233 2123 401 2160; x_wconf 86' lang='lat' dir='ltr'>sonitum</span> <span class='ocrx_word' id='word_1_223' title='bbox 430 2122 532 2159; x_wconf 81' lang='lat' dir='ltr'>saxis</span> <span class='ocrx_word' id='word_1_224' title='bbox 561 2128 597 2159; x_wconf 92' lang='lat' dir='ltr'>et</span> <span class='ocrx_word' id='word_1_225' title='bbox 626 2128 725 2159; x_wconf 89' lang='lat' dir='ltr'>torto</span> <span class='ocrx_word' id='word_1_226' title='bbox 754 2123 891 2160; x_wconf 88' lang='lat' dir='ltr'>vertice</span> <span class='ocrx_word' id='word_1_227' title='bbox 920 2128 1078 2160; x_wconf 89' lang='lat' dir='ltr'>torrens.</span> 
     </span>
    </p>

    <p class='ocr_par' dir='ltr' id='par_1_14' title="bbox 141 2181 1218 2409">
     <span class='ocr_line' id='line_1_36' title="bbox 142 2181 1188 2231; baseline -0.002 -10"><span class='ocrx_word' id='word_1_228' title='bbox 142 2184 220 2221; x_wconf 90' lang='lat' dir='ltr'>Hic</span> <span class='ocrx_word' id='word_1_229' title='bbox 249 2194 387 2231; x_wconf 88' lang='lat' dir='ltr'>specus</span> <span class='ocrx_word' id='word_1_230' title='bbox 415 2181 648 2218; x_wconf 89' lang='lat' dir='ltr'>horrendum</span> <span class='ocrx_word' id='word_1_231' title='bbox 678 2189 715 2219; x_wconf 88' lang='lat' dir='ltr'>et</span> <span class='ocrx_word' id='word_1_232' title='bbox 745 2181 844 2219; x_wconf 85' lang='lat' dir='ltr'>saevi</span> <span class='ocrx_word' id='word_1_233' title='bbox 875 2181 1061 2230; x_wconf 88' lang='lat' dir='ltr'>spiracula</span> <span class='ocrx_word' id='word_1_234' title='bbox 1090 2181 1188 2219; x_wconf 89' lang='lat' dir='ltr'>Ditis</span> 
     </span>
     <span class='ocr_line' id='line_1_37' title="bbox 141 2240 1218 2290; baseline -0.002 -10"><span class='ocrx_word' id='word_1_235' title='bbox 141 2248 410 2287; x_wconf 89' lang='lat' dir='ltr'>monstrantur,</span> <span class='ocrx_word' id='word_1_236' title='bbox 440 2249 630 2289; x_wconf 85' lang='lat' dir='ltr'>ruptoque</span> <span class='ocrx_word' id='word_1_237' title='bbox 659 2241 796 2290; x_wconf 89' lang='lat' dir='ltr'>ingens</span> <span class='ocrx_word' id='word_1_238' title='bbox 826 2240 1044 2277; x_wconf 88' lang='lat' dir='ltr'>Acheronte</span> <span class='ocrx_word' id='word_1_239' title='bbox 1074 2252 1218 2290; x_wconf 83' lang='lat' dir='ltr'>vorago</span> 
     </span>
     <span class='ocr_line' id='line_1_38' title="bbox 141 2298 1151 2351; baseline -0.003 -13"><span class='ocrx_word' id='word_1_240' title='bbox 141 2300 338 2351; x_wconf 87' lang='lat' dir='ltr'>pestiferas</span> <span class='ocrx_word' id='word_1_241' title='bbox 366 2300 485 2348; x_wconf 89' lang='lat' dir='ltr'>aperit</span> <span class='ocrx_word' id='word_1_242' title='bbox 514 2299 653 2345; x_wconf 86' lang='lat' dir='ltr'>fauces,</span> <span class='ocrx_word' id='word_1_243' title='bbox 683 2300 790 2348; x_wconf 89' lang='lat' dir='ltr'>queis</span> <span class='ocrx_word' id='word_1_244' title='bbox 820 2299 975 2337; x_wconf 87' lang='lat' dir='ltr'>condita</span> <span class='ocrx_word' id='word_1_245' title='bbox 1002 2298 1151 2348; x_wconf 86' lang='lat' dir='ltr'>Erinys,</span> 
     </span>
     <span class='ocr_line' id='line_1_39' title="bbox 141 2359 1075 2409; baseline -0.003 -10"><span class='ocrx_word' id='word_1_246' title='bbox 141 2362 303 2399; x_wconf 87' lang='lat' dir='ltr'>invisum</span> <span class='ocrx_word' id='word_1_247' title='bbox 334 2371 488 2405; x_wconf 88' lang='lat' dir='ltr'>numen,</span> <span class='ocrx_word' id='word_1_248' title='bbox 518 2365 635 2397; x_wconf 88' lang='lat' dir='ltr'>terras</span> <span class='ocrx_word' id='word_1_249' title='bbox 664 2360 887 2409; x_wconf 90' lang='lat' dir='ltr'>caelumque</span> <span class='ocrx_word' id='word_1_250' title='bbox 917 2359 1075 2396; x_wconf 87' lang='lat' dir='ltr'>levabat.</span> 
     </span>
    </p>
   </div>
   <div class='ocr_carea' id='block_1_5' title="bbox 586 2433 1078 2476">
    <p class='ocr_par' dir='ltr' id='par_1_15' title="bbox 586 2433 1078 2476">
     <span class='ocr_line' id='line_1_40' title="bbox 586 2433 1078 2476; baseline 0.002 -10"><span class='ocrx_word' id='word_1_251' title='bbox 586 2442 658 2476; x_wconf 81' lang='lat'>543.</span> <span class='ocrx_word' id='word_1_252' title='bbox 686 2436 847 2467; x_wconf 81' lang='lat' dir='ltr'>‘convexa</span> <span class='ocrx_word' id='word_1_253' title='bbox 858 2436 865 2445; x_wconf 86' lang='lat'>&#39;</span> <span class='ocrx_word' id='word_1_254' title='bbox 882 2438 966 2466; x_wconf 86' lang='lat' dir='ltr'>most</span> <span class='ocrx_word' id='word_1_255' title='bbox 984 2433 1078 2467; x_wconf 89' lang='lat' dir='ltr'>codd.</span> 
     </span>
    </p>
   </div>
   <div class='ocr_carea' id='block_1_6' title="bbox 1466 238 1527 269">
    <p class='ocr_par' dir='ltr' id='par_1_16' title="bbox 1466 238 1527 269">
     <span class='ocr_line' id='line_1_41' title="bbox 1466 238 1527 269; baseline 0 0"><span class='ocrx_word' id='word_1_256' title='bbox 1466 238 1527 269; x_wconf 74' lang='lat'>535</span> 
     </span>
    </p>
   </div>
   <div class='ocr_carea' id='block_1_7' title="bbox 1467 535 1529 567">
    <p class='ocr_par' dir='ltr' id='par_1_17' title="bbox 1467 535 1529 567">
     <span class='ocr_line' id='line_1_42' title="bbox 1467 535 1529 567; baseline -0.032 0"><span class='ocrx_word' id='word_1_257' title='bbox 1467 535 1529 567; x_wconf 71' lang='lat'>540</span> 
     </span>
    </p>
   </div>
   <div class='ocr_carea' id='block_1_8' title="bbox 1465 831 1526 862">
    <p class='ocr_par' dir='ltr' id='par_1_18' title="bbox 1465 831 1526 862">
     <span class='ocr_line' id='line_1_43' title="bbox 1465 831 1526 862; baseline 0 0"><span class='ocrx_word' id='word_1_258' title='bbox 1465 831 1526 862; x_wconf 84' lang='lat'>545</span> 
     </span>
    </p>
   </div>
   <div class='ocr_carea' id='block_1_9' title="bbox 1466 1129 1529 1160">
    <p class='ocr_par' dir='ltr' id='par_1_19' title="bbox 1466 1129 1529 1160">
     <span class='ocr_line' id='line_1_44' title="bbox 1466 1129 1529 1160; baseline 0 0"><span class='ocrx_word' id='word_1_259' title='bbox 1466 1129 1529 1160; x_wconf 83' lang='lat'>550</span> 
     </span>
    </p>
   </div>
   <div class='ocr_carea' id='block_1_10' title="bbox 1468 1426 1529 1458">
    <p class='ocr_par' dir='ltr' id='par_1_20' title="bbox 1468 1426 1529 1458">
     <span class='ocr_line' id='line_1_45' title="bbox 1468 1426 1529 1458; baseline 0 0"><span class='ocrx_word' id='word_1_260' title='bbox 1468 1426 1529 1458; x_wconf 84' lang='lat'>555</span> 
     </span>
    </p>
   </div>
   <div class='ocr_carea' id='block_1_11' title="bbox 1468 1714 1531 1755">
    <p class='ocr_par' dir='ltr' id='par_1_21' title="bbox 1468 1714 1531 1755">
     <span class='ocr_line' id='line_1_46' title="bbox 1468 1714 1531 1755; baseline -0.016 -9"><span class='ocrx_word' id='word_1_261' title='bbox 1468 1714 1531 1755; x_wconf 82' lang='lat'>560</span> 
     </span>
    </p>
   </div>
   <div class='ocr_carea' id='block_1_12' title="bbox 1469 2314 1532 2347">
    <p class='ocr_par' dir='ltr' id='par_1_22' title="bbox 1469 2314 1532 2347">
     <span class='ocr_line' id='line_1_47' title="bbox 1469 2314 1532 2347; baseline 0.016 -1"><span class='ocrx_word' id='word_1_262' title='bbox 1469 2314 1532 2347; x_wconf 85' lang='lat'>570</span> 
     </span>
    </p>
   </div>
  </div>
 </body>
</html>
