1669 2737
568 91 736 126 LIBER
771 92 834 128 VI.
868 84 1082 140 38oe457.

142 201 214 240 Cui
242 207 358 247 vates,
386 201 540 240 horrere
569 202 700 240 videns
729 203 805 239 iam
836 201 935 239 colla
963 202 1141 247 colubris,

141 261 252 297 melle
281 268 502 310 soporatam
531 269 568 299 et
595 262 793 299 medicatis
821 261 993 309 frugibus
1023 261 1143 298 offam

141 320 280 356 obiicit.
338 320 407 356 Ille
436 320 538 358 fame
566 320 700 357 rabida
729 320 798 357 tria
826 326 981 368 guttura
1008 320 1186 368 pandens

141 380 295 429 corripit
323 380 511 417 abiectam
539 387 652 429 atque
680 380 863 417 immania
891 386 998 428 terga
1026 379 1180 417 resolvit

142 438 248 475 fusus
277 438 383 475 humi
412 445 572 488 totoque
600 439 737 488 ingens
767 438 980 475 extenditur
1008 445 1130 476 antrO.

143 496 318 545 Occupat
346 498 500 534 Aeneas
528 497 673 534 aditum
703 497 862 534 custode
892 497 1041 546 sepulto

142 556 344 605 evaditque
374 557 472 594 celer
501 557 622 606 ripam
650 556 895 594 irremeabilis
923 556 1061 593 undae.

197 615 392 654 Continuo
422 617 571 654 auditae
599 628 715 654 voces
743 617 891 664 vagitus
920 623 957 653 et
986 617 1133 665 ingens,

142 675 406 726 infantumque
435 678 585 714 animae
614 677 748 714 flentes
776 677 815 713 in
845 677 975 714 limine
1004 678 1141 726 primo,

143 749 241 786 quos
270 737 391 774 dulcis
420 738 516 774 vitae
546 744 718 774 exsortes
748 744 784 774 et
814 738 862 774 ab
892 738 1009 774 ubere
1037 744 1167 786 raptos

143 796 296 833 abstulit
324 803 404 833 atra
433 796 514 833 dies
543 803 580 834 et
608 796 740 833 funere
769 797 900 834 mersit
931 797 1082 833 acerbo.

144 844 231 894 Hos
259 857 365 893 iuxta
392 856 489 893 falso
519 856 687 893 damnati
716 857 875 893 crimine
904 858 1046 894 mortis.

143 915 244 965 (Nec
272 928 360 954 vero
390 916 463 953 hae
492 916 573 953 sine
604 923 705 953 sorte
735 916 857 962 datae,
887 917 971 954 sine
1000 916 1137 961 iudice,
1168 916 1302 953 sedes:

143 976 335 1025 quaesitor
364 975 496 1012 Minos
525 987 661 1012 urnam
691 982 840 1021 rnovet;
880 976 941 1013 ille
971 976 1148 1013 silentum

143 1036 426 1085 conciliumque
455 1042 566 1073 vocat
595 1036 768 1084 vitasque
798 1042 835 1072 et
864 1035 1021 1073 crimina
1050 1034 1189 1084 discit.)
1242 1073 1249 1083 ,

142 1095 322 1133 Proxima
351 1095 490 1133 deinde
520 1102 651 1133 tenent
680 1095 816 1132 maesti
847 1095 941 1140 loca,
972 1096 1036 1144 qui
1066 1096 1135 1132 sibi
1165 1095 1283 1132 letum

142 1155 315 1193 insontes
344 1167 526 1204 peperere
555 1167 674 1192 manu
703 1155 905 1203 lucemque
936 1155 1065 1203 perosi

141 1213 336 1262 proiecere
365 1215 524 1252 animas.
583 1213 714 1260 Quam
743 1213 880 1251 vellent
909 1213 1060 1250 aethere
1089 1214 1127 1250 in
1157 1213 1233 1250 alto

142 1285 245 1310 nunc
274 1280 311 1311 et
340 1274 563 1322 pauperiem
591 1280 628 1310 et
658 1273 774 1310 duros
802 1272 966 1321 perferre
995 1273 1167 1310 labores!

142 1332 218 1371 Fas
246 1334 383 1378 obstat,
414 1333 604 1382 tristisque
633 1332 742 1381 palus
770 1332 983 1369 inamabilis
1015 1332 1141 1369 undae

143 1392 270 1442 alligat
299 1399 336 1429 et
365 1393 496 1429 novies
526 1391 618 1441 Styx
647 1391 830 1428 interfusa
858 1398 1019 1429 coercet.

143 1454 227 1491 Nec
257 1451 389 1502 procul
418 1451 506 1488 hine
537 1458 684 1499 partem
713 1450 785 1487 fusi
814 1457 1076 1488 monstrantur
1105 1451 1144 1487 in
1173 1462 1331 1487 omnem

142 1515 317 1562 lugentes
347 1511 495 1560 campi;
535 1510 589 1546 sic
617 1509 701 1546 illos
731 1510 888 1547 nomine
918 1510 1060 1547 dicunt.

144 1572 220 1610 Hic
250 1583 348 1621 quos
379 1570 494 1607 durus
523 1580 631 1605 amor
660 1568 802 1606 crudeli
831 1569 918 1605 tabe
948 1569 1108 1618 peredit,

142 1633 275 1670 secreti
304 1631 428 1668 celant
457 1628 570 1666 calles
599 1634 637 1664 et
664 1634 809 1676 myrtea
838 1628 980 1665 circum

142 1692 234 1729 silva
261 1691 378 1739 tegit;
419 1700 533 1726 curae
563 1699 643 1724 non
673 1687 757 1735 ipsa
786 1688 825 1723 in
854 1694 976 1725 morte
1005 1687 1234 1736 relinquunt.

143 1751 217 1788 His
245 1749 461 1787 Phaedram
489 1747 739 1795 Procrimque
769 1747 861 1784 locis
892 1756 1157 1796 maestamque
1187 1745 1406 1796 Eriphylen,

142 1809 304 1848 crudelis
332 1808 412 1845 nati
439 1813 721 1844 monstrantem
750 1806 916 1851 vulnera,
946 1807 1076 1852 cernit,

140 1869 405 1918 Evadnenque
434 1874 471 1905 et
499 1865 739 1915 Pasiphaen3
781 1866 838 1903 his
868 1866 1083 1903 Laodamia

141 1929 169 1966 it
197 1941 330 1967 comes
359 1934 396 1965 et
424 1927 569 1964 iuvenis
599 1925 808 1976 quondam,
839 1938 942 1962 nunc
974 1925 1115 1962 femina
1145 1924 1324 1962 Caeneus

141 2000 269 2025 rursus
297 1995 334 2025 et
363 1988 403 2024 in
431 1993 598 2024 veterem
629 1986 706 2023 fato
735 1985 907 2023 revoluta
938 1985 1111 2033 figuram.

142 2048 246 2085 Inter
275 2059 372 2096 quas
401 2045 614 2091 Phoenissa
641 2056 775 2082 recens
805 2057 828 2081 a
856 2044 1010 2081 vulnere
1040 2043 1143 2080 Dido

142 2107 291 2145 errabat
320 2106 411 2144 silva
438 2106 478 2142 in
506 2117 660 2154 magna.
719 2103 849 2150 Quam
880 2103 1025 2140 Tro'sus
1055 2102 1166 2140 heros

141 2173 183 2204 ut
210 2166 377 2215 primum
405 2165 510 2202 iuxta
539 2165 640 2203 stetit
670 2164 902 2212 agnovitque
933 2174 999 2211 per
1028 2163 1185 2200 umbras

142 2226 357 2269 obscuram,
386 2224 540 2273 qualem
569 2223 693 2272 primo
727 2223 792 2271 qui
822 2233 974 2270 surgere
1004 2232 1139 2258 mense

142 2291 207 2322 aut
234 2283 335 2320 videt
362 2290 426 2320 aut
453 2283 591 2319 vidisse
620 2288 728 2331 putat
755 2293 823 2330 per
852 2280 982 2317 nubila
1011 2280 1154 2326 lunam,

143 2343 295 2382 demisit
322 2342 496 2379 lacrimas
525 2341 702 2390 dulcique
731 2340 868 2377 affatus
898 2351 1029 2376 amore
1058 2347 1139 2378 est:

144 2401 305 2440 ‘Infelix
333 2400 447 2446 Dido,
477 2413 587 2438 verus
617 2400 710 2437 mihi
739 2400 893 2436 nuntius
925 2411 1018 2448 ergo

141 2467 296 2500 venerat
325 2460 550 2498 exstinctam
580 2459 755 2509 ferroque
786 2465 956 2496 extrema
986 2460 1183 2497 secutam?

1470 871 1533 902 430

1468 1466 1531 1497 440

1470 1763 1530 1793 445
