1669 2737
159 67 210 119 78
714 73 999 111 GEORGJCA.

156 179 317 230 Clioque
347 186 383 217 et
412 180 534 218 Beroe
565 193 683 226 soror,
715 181 960 221 Oceanitides
989 183 1135 229 ambae,

156 240 291 277 ambae
320 252 426 285 auro,
456 240 565 288 pictis
594 241 781 278 incinctae
810 242 972 290 pellibus
1001 243 1148 287 ambae,

157 305 270 347 atque
299 298 452 347 Ephyre
482 306 594 348 atque
625 299 721 348 Opis
751 307 789 337 et
817 302 911 338 Asia
939 302 1114 350 Deiopea

157 365 194 395 et
222 358 376 394 tandem
406 359 539 406 positis
568 358 679 396 velox
709 359 898 398 Arethusa
925 362 1081 410 sagittiS.

157 417 262 454 Inter
291 429 385 466 quas
415 429 544 454 euram
574 417 761 465 Clymene
790 420 967 456 narrabat
996 421 1150 457 inanem

156 477 330 521 Vulcani,
361 476 574 525 Martisque
604 477 715 514 dolos
744 485 780 515 et
809 479 933 516 dulcia
961 478 1068 523 furta,

157 548 255 585 aque
285 536 395 573 Chao
425 536 568 574 densos
598 536 726 573 divum
756 540 981 575 numerabat
1009 551 1172 576 amores.

158 596 337 634 Carmine
367 607 444 645 quo
475 604 607 645 captae
638 597 729 633 dum
760 597 851 635 fusis
880 599 1009 635 mollia
1036 610 1158 647 pensa

157 656 374 700 devolvunt,
404 656 541 693 iterum
570 662 761 694 maternas
790 658 938 706 impulit
966 670 1076 695 aures

157 715 279 752 luctus
308 715 481 760 Aristaei,
512 715 714 764 vitreisque
744 717 924 754 sedilibus
953 729 1090 755 omnes

157 775 388 822 obstupuere
404 786 414 820 3
454 774 522 811 sed
552 781 640 811 ante
669 775 760 813 alias
789 776 979 814 Arethusa
1008 788 1159 814 sorores

157 834 397 882 prospiciens
427 845 578 870 summa
607 833 746 871 flavum
776 843 890 884 caput
919 836 1050 873 extulit
1078 836 1194 880 unda,

158 900 195 929 et
223 893 376 941 procul:
417 892 476 930 ‘O
505 893 648 941 gemitu
679 907 759 931 non
789 895 925 932 frustra
953 896 1129 932 exterrita
1158 901 1265 932 tanto

158 951 305 1000 Cyrene
334 964 455 997 soror,
485 952 566 1001 ipse
597 953 674 999 tibi,
706 961 769 991 tua
798 956 966 992 maxima
996 967 1096 999 cura,

157 1012 270 1049 tristis
299 1012 493 1049 Aristaeus
525 1012 641 1050 Penei
671 1015 855 1063 genitoris
884 1015 933 1052 ad
961 1015 1106 1051 undam

159 1079 231 1108 stat
258 1071 470 1117 lacrimans,
501 1079 537 1109 et
566 1080 602 1109 te
632 1074 824 1111 crudelem
854 1075 1010 1111 nomine
1039 1074 1154 1111 dicit.'

159 1130 262 1167 Huic
291 1143 473 1180 percussa
501 1143 600 1168 nova
629 1139 798 1170 mentem
829 1133 1031 1170 formidine
1060 1142 1180 1170 mater

159 1190 279 1235 ‘Duc,
310 1203 391 1239 age,
424 1190 498 1228 duc
528 1192 577 1228 ad
607 1203 705 1237 n0s5
745 1192 800 1229 fas
830 1193 880 1229 illi
909 1193 1039 1229 limina
1068 1192 1196 1229 divum

159 1250 338 1299 tangere’
368 1251 430 1287 ait.
490 1250 610 1287 Simul
639 1252 714 1288 alta
742 1253 845 1289 iubet
874 1251 1067 1290 discedere
1096 1252 1170 1289 late

158 1311 328 1355 fiumina,
359 1324 434 1360 qua
462 1311 608 1349 iuvenis
637 1325 788 1361 gressus
819 1313 982 1350 inferret.
1040 1313 1091 1349 At
1120 1312 1224 1349 illum

159 1378 313 1408 curvata
342 1372 381 1407 in
411 1371 551 1408 montis
582 1370 718 1409 faciem
748 1373 994 1410 circumstetit
1021 1372 1125 1409 unda

159 1432 384 1480 accepitque
415 1431 499 1468 sinu
529 1438 636 1468 vasto
668 1432 847 1481 misitque
876 1433 947 1469 sub
977 1444 1143 1469 amnem.

159 1491 320 1540 Iamque
350 1491 509 1527 domum
535 1491 678 1528 mirans
706 1492 909 1540 genetricis
938 1499 975 1529 et
1003 1491 1134 1528 umida
1162 1503 1280 1540 regna

161 1550 428 1599 speluncisque
457 1549 562 1586 lacus
592 1550 742 1588 clausos
771 1550 953 1599 lucosque
984 1557 1166 1588 sonantes

159 1611 248 1655 ibat,
277 1616 315 1647 et
341 1609 487 1658 ingenti
515 1616 624 1646 motu
653 1609 888 1658 stupefactus
916 1621 1100 1658 aquarum

160 1671 292 1708 omnia
320 1671 391 1707 sub
418 1682 560 1718 magna
588 1669 754 1706 labentia
783 1670 941 1707 flumina
970 1678 1067 1707 terra

161 1730 358 1780 spectabat
387 1730 533 1766 diversa
563 1729 667 1774 locis,
697 1729 927 1778 Phasimque
957 1729 1182 1778 Lycumque

161 1798 198 1827 et
227 1797 352 1839 caput,
382 1789 485 1826 unde
514 1789 610 1826 altus
640 1790 805 1838 primum
836 1802 875 1826 se
906 1790 1068 1838 erumpit
1098 1788 1278 1837 Enipeus,

162 1850 265 1886 unde
294 1858 402 1898 pater
431 1849 648 1892 Tiberinus,
678 1856 715 1886 et
743 1849 846 1886 unde
875 1849 1028 1885 Aniena
1057 1848 1200 1885 fluenta

163 1921 400 1958 saxosusque
430 1920 571 1946 sonans
602 1908 779 1957 Hypanis
809 1908 1021 1957 Mysusque
1052 1907 1200 1953 Caicus,

162 1976 200 2006 et
227 1970 383 2017 gemina
413 1974 566 2005 auratus
595 1968 744 2005 taurino
775 1980 920 2004 cornua
949 1967 1050 2004 vultu

162 2029 363 2072 Eridanus,
393 2040 472 2077 quo
502 2040 582 2065 non
612 2028 705 2064 alius
734 2040 801 2076 per
829 2027 985 2075 pinguia
1014 2027 1114 2064 culta

163 2090 201 2126 in
230 2101 334 2125 mare
363 2099 597 2136 purpureum
626 2087 825 2124 violentior
853 2086 970 2123 effluit
999 2088 1134 2123 amnis.

163 2155 369 2197 postquam
399 2154 456 2183 est
484 2147 523 2183 in
551 2146 705 2183 thalami
736 2147 944 2196 pendentia
971 2146 1124 2195 pumice
1153 2151 1252 2182 tecta

163 2214 388 2257 perventum
417 2206 560 2255 etlnati
589 2206 698 2243 fietus
729 2206 909 2254 cognovit
938 2206 1072 2242 inanes

164 2267 325 2317 Cyrene,
355 2266 531 2302 manibus
560 2265 724 2314 liquidos
753 2266 844 2302 dant
872 2265 1005 2302 ordine
1035 2263 1160 2301 fontes

163 2338 380 2377 germanae,
410 2326 607 2374 tonsisque
637 2325 762 2362 serunt
790 2324 970 2361 mantelia
997 2323 1113 2369 villis;

163 2399 251 2436 pars
280 2385 400 2434 epulis
430 2391 591 2421 onerant
620 2396 774 2420 mensas
803 2390 840 2420 et
868 2383 982 2431 plena
1010 2389 1201 2430 reponunt

165 2444 327 2495 pocula3
368 2443 578 2481 Panchaeis
608 2443 831 2480 adolescunt
860 2443 1012 2491 ignibus
1041 2453 1150 2488 arae3

1486 433 1548 466 345

1488 730 1552 761 350

1492 1919 1553 1950 370

1490 2216 1553 2249 375
