1669 2737
611 520 1089 581 AliNIEIS.

497 705 745 746 IABER
797 702 1201 758 QUARTUS

161 829 223 867 AT
251 829 384 879 regma
413 830 518 879 gravi
547 830 772 881 iamdudum
801 829 931 867 saucia
961 841 1050 867 cura

160 890 295 928 vulnus
325 891 389 928 alit
418 890 534 935 venis,
565 898 601 927 et
632 902 748 927 caeco
779 890 942 938 carpitur
971 889 1061 937 igni.

160 949 284 987 Multa
313 950 378 986 viri
407 950 523 987 virtus
553 950 683 987 animo
712 949 929 998 multusque
960 954 1149 986 recursat‘

159 1010 284 1058 gentis
314 1009 450 1052 honos,
483 1009 641 1046 haerent
669 1009 774 1045 infixi
804 1016 960 1057 pectore
990 1008 1115 1069 v'ltus

160 1069 365 1117 verbaque,
395 1080 466 1105 nec
496 1068 685 1116 placidam
715 1068 896 1104 membris
927 1066 990 1103 dat
1019 1079 1109 1103 cura
1139 1065 1316 1115 quietem.

159 1128 316 1165 Postera
345 1128 527 1165 Phoebea
556 1128 737 1165 lustrabat
766 1127 945 1175 lampade
974 1133 1091 1163 terras

159 1194 435 1236 umentemque
464 1187 615 1223 Aurora
644 1186 734 1235 polo
766 1186 975 1223 dimoverat
1004 1186 1191 1229 umbram,

159 1259 247 1284 cum
277 1246 330 1283 sic
360 1246 582 1283 unanimam
611 1246 814 1295 alloquitur
843 1245 941 1282 male
972 1257 1064 1281 sana
1094 1255 1286 1281 sororem:

160 1306 296 1342 ‘Anna
325 1317 444 1351 soror,
475 1317 573 1354 quae
603 1317 665 1342 me
695 1296 923 1353 suspensam
953 1304 1144 1341 insomnia
1172 1302 1339 1339 terrent?

159 1364 257 1411 Quis
286 1376 407 1401 novus
437 1364 498 1401 hic
528 1364 668 1401 nostris
698 1364 881 1401 successit
910 1363 1065 1400 sedibus
1094 1362 1248 1411 hospes,

158 1436 273 1472 quem
304 1435 386 1460 sese
416 1435 482 1459 ore
512 1422 648 1468 ferens,
679 1435 796 1472 quam
826 1422 912 1460 forti
942 1429 1098 1470 pectore
1127 1428 1163 1458 et
1194 1420 1333 1457 armis?

158 1483 285 1521 Credo
315 1483 506 1531 equidem,
535 1495 606 1519 nec
636 1495 733 1519 vana
763 1482 868 1527 fides,
898 1493 1021 1530 genus
1051 1492 1134 1517 esse
1164 1480 1337 1517 deorum.

157 1542 381 1591 Degeneres
409 1542 559 1578 animos
589 1542 704 1578 timor
733 1542 867 1590 arguit.
925 1540 1016 1577 Heu
1045 1540 1183 1588 quibus
1212 1539 1271 1576 ille

157 1602 316 1639 iactatus
346 1600 431 1637 fatis
460 1612 558 1648 quae
588 1600 686 1637 bella
716 1595 900 1637 exhausta
929 1599 1111 1636 canebat!

159 1661 199 1699 Si
226 1661 319 1697 mihi
349 1672 429 1697 non
458 1660 587 1696 animo
618 1659 736 1696 fixum
765 1660 1047 1707 immotumque
1077 1658 1226 1695 sederet

157 1732 207 1758 ne
236 1720 297 1757 cui
324 1731 387 1756 me
416 1718 540 1756 vinclo
570 1719 705 1755 vellem
735 1718 879 1755 sociare
909 1717 1034 1766 iugali,

156 1788 363 1831 postquam
390 1780 535 1829 primus
564 1791 673 1816 amor
701 1778 902 1827 deceptam
931 1784 1054 1815 morte
1085 1777 1212 1814 fefellit
1228 1789 1240 1824 ;

156 1842 187 1878 si
216 1852 295 1877 non
325 1846 542 1888 pertaesum
573 1837 726 1874 thalami
756 1837 966 1886 taedaeque
996 1837 1137 1881 fuisset,

156 1900 243 1936 huic
272 1899 337 1935 uni
367 1898 496 1935 forsan
524 1897 632 1946 potui
662 1897 909 1933 succumbere
938 1896 1083 1944 culpae.

156 1960 281 2004 Anna,
313 1958 461 1995 fatebor
490 1958 603 2002 enim,
633 1957 759 1993 miseri
789 1962 878 2005 post
908 1956 983 1993 fata
1014 1955 1175 2005 Sychaei

155 2019 331 2067 coniugis
361 2025 398 2055 et
427 2029 582 2067 sparsos
611 2017 775 2054 fraterna
804 2015 920 2053 caede
949 2022 1118 2064 penates,

156 2078 259 2116 solus
288 2078 349 2115 hic
377 2077 523 2114 inflexit
551 2088 686 2114 sensus
716 2076 964 2124 animumque
993 2074 1187 2111 labantem

154 2138 313 2187 impulit.
371 2137 557 2185 Agnosco
587 2136 720 2172 veteris
749 2135 906 2182 vestigia
937 2133 1128 2170 flammae.

156 2197 232 2235 Sed
260 2196 354 2232 mihi
382 2195 440 2233 vel
469 2195 577 2232 tellus
607 2200 738 2243 optem
768 2193 869 2242 prius
898 2193 975 2229 ima
1002 2192 1173 2229 dehiscat

154 2257 212 2295 vel
243 2257 354 2294 Pater
383 2256 630 2305 omnipotens
659 2255 786 2303 abigat
814 2266 876 2290 me
906 2253 1063 2290 fulmine
1091 2252 1141 2290 ad
1169 2252 1334 2297 umbras,

155 2316 341 2367 pallentes
370 2315 524 2352 umbras
554 2314 683 2351 Erebo
712 2320 942 2361 noctemque
971 2311 1215 2360 profundam,

155 2381 254 2421 ante,
284 2373 423 2417 Pudor,
454 2385 569 2422 quam
599 2379 635 2410 te
664 2371 776 2417 violo,
807 2378 871 2408 aut
900 2377 965 2408 tua
993 2370 1075 2406 iura
1103 2369 1263 2406 resolvo.

155 2434 223 2472 Ille
251 2445 371 2479 meos,
400 2433 544 2482 primus
573 2432 638 2482 qui
666 2443 729 2469 me
758 2431 828 2468 sibi
857 2430 989 2476 iunxit,
1019 2440 1169 2466 amores

1509 1377 1546 1397 10

1502 1969 1542 1990 20
