1669 2737
157 66 238 119 278
732 71 957 108 AENEJS.

207 178 299 218 Non
328 193 402 231 ego
431 188 478 227 te,
509 182 693 233 Ligurum
724 181 858 220 ductor
886 181 1087 220 fortissime
1117 181 1228 228 bello,

154 241 374 286 transierim,
405 240 555 291 Cinyre‚
585 249 623 280 et
652 241 785 291 paucis
816 242 993 280 comitate
1023 241 1191 290 Cupavo,

153 299 259 337 cuius
288 299 459 338 olorinae
488 308 645 351 surgunt
674 302 722 339 de
751 302 887 340 vertice
916 313 1077 351 pennae,

153 358 307 404 crimen,
338 359 469 405 Amor,
499 368 662 398 vestrum
692 360 914 410 formaeque
944 360 1093 409 insigne
1122 366 1311 409 paternae.

153 416 332 467 Namque
361 418 484 456 ferunt
512 420 614 457 luctu
644 419 817 469 Cycnum
848 419 1095 457 Phaethontis
1124 419 1252 464 amati,

151 477 337 525 populeas
365 478 461 515 inter
489 478 643 516 frondes
672 480 924 528 umbramque
953 490 1128 516 sororum

152 535 243 573 dum
273 537 374 574 canit
401 544 438 574 et
466 544 654 575 maestum
684 538 797 576 Musa
826 539 967 576 solatur
994 549 1174 584 amorem,

150 601 351 633 canentem
380 596 484 633 molli
514 596 644 645 pluma
675 596 829 634 duxisse
858 603 1063 642 senectam,

149 654 383 703 linquentem
413 662 526 692 terras
555 662 591 692 et
620 655 742 693 sidera
771 668 865 694 voce
895 663 1129 705 sequentem.

149 713 277 760 Filius,
306 715 485 764 aequales
515 716 717 753 comitatus
747 716 868 753 classe
897 724 1078 760 catervas,

148 773 344 821 ingentem
372 775 486 811 remis
516 774 751 812 Centaurum
781 782 1006 824 promovet:
1047 776 1108 813 ille

148 833 262 871 instat
290 846 412 883 aquae
441 846 653 884 saxumque
682 834 795 872 undis
825 835 993 872 immane
1023 836 1188 873 minatur

148 893 285 931 arduus
315 901 352 931 et
380 894 497 943 longa
526 895 646 932 sulcat
675 894 794 932 maria
823 894 897 932 alta
928 894 1064 931 carina.

201 951 269 990 Ille
297 954 410 990 etiarn
440 954 569 1003 patriis
598 965 739 1002 agmen
769 954 843 991 ciet
875 952 1009 991 Ocnus
1039 954 1086 990 ab
1116 953 1203 998 oris,

147 1010 322 1049 fatidicae
352 1013 508 1050 Mantus
538 1020 575 1050 et
604 1013 723 1050 Tusci
754 1013 850 1050 filius
880 1013 1015 1058 amnis,

147 1070 211 1119 qui
240 1083 371 1109 muros
400 1073 606 1121 matrisque
635 1071 738 1109 dedit
767 1072 844 1117 tibi,
876 1071 1048 1117 Mantua,
1079 1083 1222 1108 nomen

147 1129 334 1180 (Mantua,
365 1130 469 1175 dives
498 1133 597 1168 avis:
636 1132 704 1169 sed
735 1143 815 1168 non
844 1143 967 1179 genus
998 1131 1175 1169 omnibus
1205 1143 1348 1168 unum:

146 1201 242 1239 gens
272 1189 321 1226 illi
350 1190 495 1239 triplex,
525 1191 656 1240 populi
685 1191 756 1228 sub
786 1197 901 1239 gente
930 1191 1114 1239 quaterni,

147 1251 230 1298 ipsa
258 1257 371 1298 caput
400 1249 565 1298 populis,
596 1249 728 1287 Tusco
758 1249 805 1287 de
836 1250 1022 1299 sanguine
1050 1249 1176 1299 vires).

148 1308 252 1346 Hinc
282 1321 435 1359 quoque
465 1311 694 1358 quingentos
723 1309 761 1346 in
791 1321 832 1347 se
862 1309 1075 1347 Mezentius
1104 1315 1235 1355 armat,

148 1379 244 1417 quos
273 1375 376 1417 patre
407 1368 563 1406 Benaco
591 1368 734 1406 velatus
764 1368 978 1406 harundine
1007 1369 1144 1418 glauca

148 1427 315 1465 Mincius
344 1429 480 1466 infesta
508 1429 671 1466 ducebat
700 1429 739 1465 in
769 1441 936 1477 aequora
965 1430 1069 1478 pinu.

148 1487 182 1525 It
210 1489 334 1536 gravis
363 1488 539 1525 Aulestes
570 1496 806 1537 centenaque
836 1489 971 1526 arbore
1002 1489 1158 1526 fluctum

148 1548 317 1584 verberat
346 1559 562 1596 assurgens,
593 1555 773 1596 spumant
802 1548 899 1585 vada
928 1560 1119 1585 marmore
1150 1560 1268 1587 verso.

148 1605 265 1644 Hunc
294 1606 394 1643 vehit
422 1607 600 1643 immanis
631 1606 769 1644 Triton
798 1614 835 1643 et
865 1607 1014 1644 'caerula
1045 1607 1195 1644 concha

147 1672 339 1705 exterrens
367 1665 472 1710 freta,
503 1666 562 1702 cui
590 1665 747 1702 laterum
777 1672 886 1703 tenus
916 1666 1066 1714 hispida
1095 1667 1199 1703 nanti

148 1723 253 1762 frons
281 1724 479 1762 hominem
508 1724 681 1773 praefert,
711 1725 748 1760 in
777 1726 922 1773 pristim
953 1725 1089 1762 desinit
1118 1725 1244 1763 alvus:

149 1796 306 1833 spumea
336 1783 513 1821 semifero
543 1784 613 1820 sub
642 1790 796 1832 pectore
825 1791 1035 1821 murmurat
1065 1785 1180 1822 unda.

201 1843 280 1880 Tot
309 1843 394 1880 lecti
422 1855 599 1892 proceres
629 1850 683 1880 ter
712 1843 820 1879 denis
849 1843 1007 1880 navibus
1037 1843 1141 1880 ibant

148 1903 316 1941 subsidio
347 1902 490 1940 Troiae
519 1908 555 1939 et
584 1914 743 1951 campos
773 1902 859 1940 salis
888 1915 974 1939 aere
1004 1903 1192 1940 secabant.

201 1962 361 2011 Iamque
391 1962 471 1999 dies
501 1962 607 1999 caelo
637 1968 876 1999 concesserat
905 1962 1080 2010 almaque
1111 1973 1221 1998 curru

148 2022 351 2071 noctivago
381 2021 536 2058 Phoebe
566 2020 734 2057 medium
764 2021 937 2069 pulsabat
967 2020 1198 2069 Olympum:

147 2081 300 2118 Aeneas
329 2079 470 2131 (neque
499 2081 600 2117 enim
630 2080 810 2116 membris
841 2079 904 2116 dat
934 2091 1024 2116 cura
1053 2076 1238 2127 quietern)

147 2141 228 2189 ipse
259 2140 397 2178 sedens
428 2140 654 2189 clavumque
683 2139 779 2188 regit
808 2138 977 2187 velisque
1005 2138 1202 2174 ministrat.

147 2199 274 2248 Atque
303 2199 353 2235 illi
382 2199 510 2236 medio
541 2200 579 2235 in
610 2198 733 2248 spatio
762 2197 901 2235 chorus
931 2209 1020 2234 ecce
1050 2208 1202 2233 suarum

147 2258 311 2296 occurrit
340 2259 548 2295 comitum:
588 2257 805 2307 Nymphae,
835 2268 930 2306 quas
959 2255 1060 2292 alma
1089 2254 1246 2304 Cybebe

147 2329 289 2354 numen
320 2316 460 2354 habere
488 2318 602 2354 maris
632 2316 908 2365 Nymphasque
937 2327 958 2351 e
988 2314 1146 2351 navibus
1177 2325 1261 2351 esse

146 2377 313 2423 iusserat,
344 2377 528 2413 innabant
557 2377 694 2425 pariter
721 2375 934 2422 fluctusque
963 2373 1154 2417 secabant,

146 2443 240 2485 quot
270 2436 371 2485 prius
400 2442 549 2473 aeratae
579 2440 758 2472 steterant
787 2432 836 2470 ad
864 2433 973 2470 litora
1001 2442 1147 2481 prorae.

1475 186 1533 227 185

1475 490 1535 523 190

1475 788 1533 821 Ῑ95

1473 1084 1534 1106 200

1473 1381 1532 1412 ²05

1472 1679 1534 1701 210

1472 1974 1532 2006 215

1473 2269 1534 2292 220
