1669 2737
574 71 741 106 LIBER
770 72 848 108 ΠΙ.
889 77 1018 118 107—1
1029 67 1094 117 84.

135 187 320 231 temptare
350 180 530 218 auxilium
559 181 697 226 iubeat,
727 192 804 230 quo
835 187 976 218 vertere
1006 193 1148 218 cursus.

190 240 306 278 ‘Nox
335 246 424 285 erat,
453 247 491 277 et
519 241 624 277 terris
653 240 830 277 animalia
860 252 1020 277 somnus
1050 240 1241 277 habebat:

134 299 278 348 effigies
307 311 437 336 sacrae
467 299 595 335 divum
624 298 854 348 Phrygiique
884 298 1060 343 Penates,

134 370 232 407 quos
260 369 415 395 mecum
443 357 492 394 ab
521 357 641 394 Troia
669 357 882 406 mediisque
912 370 958 394 ex
987 358 1141 405 ignibus
1170 357 1273 393 urbis

134 417 354 462 extuleram,
383 416 451 453 visi
480 422 568 453 ante
596 416 731 453 oculos
760 424 882 453 astare
912 416 1070 453 iacentis

134 476 173 513 in
203 475 359 521 somnis,
389 475 510 513 multo
539 475 727 512 manifesti
756 475 911 519 lumine,
941 487 1016 523 qua
1046 487 1086 511 se

135 535 249 584 plena
277 546 344 583 per
372 535 532 572 insertas
560 534 746 571 fundebat
774 534 865 571 luna
893 533 1090 579 fenestras,

134 603 215 632 turn
243 596 299 633 sic
327 594 433 632 affari
463 602 499 632 et
528 607 637 632 curas
666 596 725 632 his
755 594 907 631 demere
937 595 1068 632 dictis:

135 655 289 702 “Quod
317 656 384 692 tibi
412 655 538 693 delato
568 655 769 704 Ortygiam
799 655 965 692 dicturus
996 654 1138 703 Apollo
1168 662 1236 700 est,

134 714 195 751 hic
223 713 335 758 canit,
365 720 403 751 et
430 721 494 751 tua
522 726 593 751 nos
623 727 672 751 en
701 714 797 751 ultro
827 713 875 750 ad
904 713 1035 750 limina
1063 714 1185 749 mittit.

135 773 219 811 Nos
249 780 285 811 te
314 774 510 811 Dardania
539 775 695 812 incensa
723 781 865 824 tuaque
895 785 1002 810 arma
1031 774 1162 818 secuti,

134 846 206 871 nos
235 834 423 870 tumidum
452 835 523 871 sub
552 841 588 871 te
618 834 809 884 permensi
838 833 1022 870 classibus
1053 845 1199 882 aequor

133 893 233 930 idem
262 900 442 932 venturos
471 895 647 932 tollemus
676 896 716 932 in
745 901 844 932 astra
874 903 1036 943 nepotes

133 952 409 1002 imperiumque
438 954 520 990 urbi
551 954 736 991 dabimus.
797 953 861 990 Tu
890 954 1045 990 moenia
1074 953 1224 1001 magnis

133 1024 274 1060 magna
303 1025 394 1061 para
422 1013 659 1062 longumque
690 1013 801 1061 fugae
830 1025 879 1050 ne
908 1013 1035 1062 linque
1064 1012 1248 1049 laborem.

133 1071 344 1109 Mutandae
372 1072 495 1110 sedes.
552 1072 643 1110 Non
673 1072 768 1110 haec
797 1073 862 1109 tibi
891 1072 1001 1109 litora
1030 1073 1147 1109 suasit

132 1131 264 1168 Delius
293 1137 356 1168 aut
386 1130 523 1169 Cretae
552 1132 657 1169 iussit
687 1132 886 1169 considere
915 1132 1066 1180 Apollo.

131 1189 201 1227 Est
228 1189 336 1227 locus
366 1189 613 1241 (Hesperiam
642 1190 747 1228 Graii
776 1191 1009 1238 cognomine
1039 1189 1184 1239 dicunt)

132 1257 230 1287 terra
258 1250 424 1299 antiqua,
454 1257 593 1299 potens
623 1251 737 1287 armis
767 1258 880 1299 atque
909 1251 1024 1287 ubere
1055 1250 1226 1298 glaebae,

132 1308 294 1346 Oenotri
323 1309 474 1346 coluere
502 1309 580 1355 viri,
610 1321 714 1346 nunc
743 1309 844 1346 fama
872 1310 1041 1346 minores

132 1366 281 1404 Italiam
310 1367 450 1405 dixisse
480 1368 586 1405 ducis
616 1368 663 1405 de
693 1369 848 1405 nomine
878 1375 1058 1417 gentem:

130 1426 203 1463 hae
232 1427 344 1464 nobis
372 1427 549 1476 propriae
579 1427 699 1472 sedes,
730 1427 818 1464 hinc
847 1427 1052 1464 Dardanus
1082 1434 1187 1464 ortus

131 1486 329 1536 Iasiusque
359 1495 476 1536 pater,
505 1499 627 1535 genus
656 1499 678 1524 a
707 1499 784 1536 quo
813 1487 985 1536 principe
1013 1493 1198 1524 nostrum.

132 1545 252 1595 Surge
281 1558 353 1594 age
382 1553 420 1584 et
446 1546 540 1583 haec
569 1546 687 1584 laetus
716 1547 906 1595 longaevo
936 1546 1037 1583 dicta
1066 1547 1215 1594 parenti

130 1605 232 1642 haud
261 1605 472 1642 dubitanda
499 1605 606 1651 refer,
637 1605 849 1654 Corythum
879 1613 1071 1654 terrasque
1101 1606 1265 1654 requirat

131 1664 347 1701 Ausonias:
386 1663 547 1701 Dictaea
576 1671 692 1712 negat
720 1665 786 1701 tibi
817 1664 988 1713 Iuppiter
1017 1663 1138 1701 arva.”

130 1723 290 1761 Talibus
319 1723 498 1760 attonitus
527 1723 614 1760 visis
645 1730 681 1760 et
709 1735 805 1760 voce
834 1723 994 1760 deorum

131 1781 219 1833 (nec
247 1793 366 1831 sopor
393 1781 484 1818 illud
513 1788 600 1827 erat,
631 1781 698 1818 sed
727 1793 860 1819 coram
889 1793 1100 1830 agnoscere
1130 1782 1251 1818 vultus

129 1841 348 1889 velatasque
377 1852 510 1878 comas
539 1841 829 1890 praesentiaque
858 1853 926 1878 ora
956 1841 1122 1885 videbar,

129 1906 210 1937 tum
238 1899 386 1948 gelidus
415 1905 498 1936 toto
526 1900 708 1936 manabat
737 1911 900 1949 corpore
930 1898 1063 1947 sudor)

130 1959 293 2008 corripio
322 1971 344 1996 e
373 1958 496 1996 stratis
525 1970 664 2008 corpus
693 1959 888 2008 tendoque
918 1960 1074 2007 supinas

129 2019 179 2057 ad
207 2020 355 2057 caelum
384 2031 474 2057 cum
501 2030 596 2057 voce
623 2031 760 2057 manus
790 2026 827 2057 et
855 2031 1014 2056 munera
1043 2019 1120 2056 libo

129 2079 351 2116 intemerata
379 2078 486 2116 focis.
542 2078 718 2116 Perfecto
746 2079 866 2116 laetus
895 2079 1042 2115 honore

129 2137 327 2175 Anchisen
356 2138 456 2175 facio
486 2144 631 2175 certum
660 2150 817 2187 remque
846 2137 978 2174 ordine
1008 2136 1149 2185 pando.

129 2197 298 2246 Agnovit
325 2197 474 2246 prolem
502 2197 723 2245 ambiguam
751 2197 1002 2246 geminosque
1030 2202 1207 2244 parentes

129 2268 247 2305 seque
275 2268 377 2293 novo
405 2263 573 2293 veterum
601 2256 805 2304 deceptum
834 2267 958 2292 errore
987 2254 1171 2292 locorum.

129 2315 235 2352 Turn
262 2322 472 2352 memorat:
511 2318 533 2334 “
549 2314 660 2359 Nate,
690 2315 814 2352 Iliacis
843 2314 1005 2351 exercite
1035 2313 1129 2358 fatis,

129 2373 211 2411 sola
237 2373 330 2410 mihi
357 2374 451 2411 tales
481 2386 594 2411 casus
622 2373 840 2411 Cassandra
869 2373 1042 2410 canebat.

130 2432 246 2470 Nunc
274 2439 407 2482 repeto
436 2433 531 2471 haec
559 2433 690 2481 generi
719 2431 947 2482 portendere
975 2430 1101 2468 debita
1129 2438 1262 2468 nostro

184 2514 270 2541 VOL.
299 2514 324 2541 1.
811 2512 837 2539 K

1447 78 1523 118 129

1465 1020 1523 1049 100

1462 1314 1519 1354 165
