1669 2737
541 93 709 128 LIBER
737 94 805 130 IV.
838 87 1046 143 380-457.

105 201 224 240 Hunc
252 212 328 250 ego
357 200 389 238 si
419 199 525 250 potui
553 206 702 238 tantum
732 212 882 249 sperare
911 200 1093 245 dolorem,

105 269 141 299 et
169 260 346 310 perferre,
376 272 494 306 soror,
523 267 670 309 potero.
729 258 894 296 Miserae
925 259 999 296 hoc
1027 266 1158 296 tamen
1187 270 1307 295 unum

105 331 323 369 exsequere,
353 318 480 364 Anna,
509 318 622 364 mihi;
662 318 783 356 solam
813 331 903 355 nam
933 318 1100 367 perfidus
1129 317 1191 355 ille

105 385 141 416 te
170 378 306 423 colere,
336 389 497 415 arcanos
526 378 639 415 etiam
668 377 733 414 tibi
764 378 918 414 credere
948 389 1111 423 sensus3

105 437 187 475 sola
215 437 281 474 viri
310 437 444 474 molles
471 437 596 475 aditus
625 443 663 474 et
691 443 866 486 tempora
895 448 1019 474 noras.

104 497 134 542 I,
165 502 284 542 soror,
313 503 426 545 atque
456 497 605 533 hostem
635 496 797 545 supplex
826 496 941 533 affare
971 497 1189 546 superbum.

104 556 196 594 Non
225 569 299 607 ego
329 569 418 594 cum
446 557 591 594 Danais
621 558 830 595 Troianam
859 557 1081 595 exscindere
1110 564 1266 607 gentem

103 616 244 654 Aulide
272 617 388 653 iuravi
417 616 624 654 classemve
653 616 702 653 ad
732 616 916 664 Pergama
945 617 1039 662 misi,

104 688 176 713 nee
206 675 322 725 patris
351 675 543 713 Anchisae
573 675 720 712 cineres
749 687 929 712 manesve
959 677 1094 721 revelli,

104 747 171 773 cur
199 747 286 772 mea
315 734 417 772 dicta
445 740 560 783 neget
589 734 700 772 duras
730 734 927 771 demittere
956 735 995 771 in
1024 748 1142 773 aures.

106 793 198 840 Quo
225 794 322 831 ruit?
365 800 577 831 extremum
607 793 682 831 hoc
710 794 870 831 miserae
899 794 962 831 det
991 807 1131 832 munus
1161 796 1325 833 amanti:

104 858 300 902 exspectet
328 853 553 902 facilemque
582 853 712 902 fugam
741 860 951 902 ventosque
982 853 1154 891 ferentes.

105 911 198 949 Non
227 913 302 949 iam
332 912 554 961 coniugium
584 913 793 961 antiquum,
825 913 930 962 quod
959 913 1137 962 prodidit,
1166 926 1246 957 oro,

103 983 176 1009 nec
204 972 361 1021 pulchro
390 979 431 1009 ut
459 972 570 1009 Latio
600 979 727 1009 careat
754 985 993 1021 regnumque
1022 973 1232 1022 relinquat;

103 1039 256 1081 tempus
284 1032 397 1069 inane
425 1039 526 1081 peto,
558 1032 729 1081 requiem
759 1033 1000 1081 spatiumque
1029 1032 1155 1078 furori,

104 1091 198 1129 dum
226 1103 313 1128 mea
340 1103 403 1128 me
431 1092 569 1128 victam
599 1091 734 1129 doceat
763 1091 914 1128 fortuna
943 1092 1080 1128 dolere.

104 1149 327 1188 Extremam
356 1150 455 1188 hane
483 1162 553 1188 oro
582 1152 731 1187 veniam
762 1149 955 1200 <miserere
985 1151 1155 1201 sororis),

104 1221 221 1259 quam
249 1209 341 1246 mihi
371 1222 457 1247 cum
488 1210 648 1255 dederis,
680 1209 909 1247 cumulatam
940 1218 1061 1247 morte
1091 1210 1303 1247 remittam)

159 1268 319 1306 Talibus
348 1270 492 1314 orabat,
522 1269 693 1319 talesque
722 1270 932 1306 miserrima
960 1269 1069 1306 fletus

105 1328 250 1377 fertque
278 1327 466 1377 refertque
496 1339 614 1365 soror.
673 1328 748 1365 Sed
779 1328 888 1365 nullis
917 1328 976 1365 ille
1006 1335 1179 1366 movetur

105 1387 268 1433 fletibus,
298 1394 362 1425 aut
390 1400 504 1425 voces
533 1387 626 1425 ullas
655 1388 860 1425 tractabilis
890 1388 1014 1424 audit:

104 1447 181 1485 fata
209 1447 374 1493 obstant,
404 1446 648 1495 placidasque
677 1447 744 1483 viri
775 1446 867 1484 deus
897 1442 1056 1484 obstruit
1085 1460 1203 1486 aures.

104 1508 164 1544 Ac
192 1505 293 1543 velut
321 1518 472 1543 annoso
502 1505 664 1542 validam
695 1517 784 1542 cum
813 1507 950 1543 robore
980 1519 1163 1556 quercum

105 1565 236 1614 Alpini
265 1565 412 1602 Boreae
441 1577 545 1602 nunc
574 1565 662 1602 hinc
691 1577 794 1602 nunc
823 1565 973 1603 flatibus
1002 1566 1104 1604 illinc

105 1637 236 1663 eruere
266 1625 363 1662 inter
391 1637 432 1663 se
461 1631 605 1663 certant
620 1637 630 1670 ;
670 1625 697 1661 it
727 1624 873 1670 stridor,
905 1632 941 1662 et
970 1625 1066 1663 altae

106 1690 357 1722 consternunt
386 1690 525 1721 terram
553 1696 745 1721 concusso
776 1684 901 1732 stipite
930 1684 1087 1723 frondes
1102 1697 1114 1731 ς

106 1744 189 1793 ipsa
217 1742 348 1780 haeret
377 1743 544 1792 scopulis
573 1750 611 1780 et
640 1750 824 1792 quantum
855 1745 991 1781 vertice
1020 1745 1070 1782 ad
1099 1756 1210 1783 auras

106 1802 303 1847 aetherias,
333 1809 483 1840 tantum
511 1803 639 1840 radice
667 1803 706 1839 in
735 1802 898 1840 Tartara
926 1804 1067 1840 tendit:

107 1862 212 1900 haud
241 1873 350 1900 secus
379 1862 542 1900 assiduis
572 1862 660 1899 hinc
689 1869 802 1911 atque
831 1862 919 1900 hinc
949 1863 1107 1901 vocibus
1134 1863 1248 1901 heros

107 1922 275 1959 tunditur
303 1929 340 1960 et
367 1934 512 1972 magno
541 1922 724 1971 persentit
751 1928 905 1971 pectore
935 1935 1054 1968 curas,

107 1993 217 2019 mens
245 1982 405 2019 immota
433 1988 586 2027 manet3
627 1981 804 2018 lacrimae
833 1981 1032 2019 volvuntur
1059 1982 1201 2020 inanes.

162 2040 267 2077 Tum
296 2052 385 2077 vero
414 2040 544 2078 infelix
574 2040 660 2078 fatis
689 2041 864 2078 exterrita
893 2041 998 2078 Dido

107 2106 272 2137 mortem
300 2106 407 2147 orat3
447 2100 574 2138 taedet
603 2100 696 2138 caeli
726 2112 898 2137 convexa
927 2101 1032 2137 tueri.

110 2159 201 2205 Quo
229 2160 354 2209 magis
382 2161 578 2209 inceptum
607 2167 766 2209 peragat
794 2160 996 2208 lucemque
1024 2161 1222 2211 relinquat,

108 2219 211 2266 vidit,
239 2220 449 2257 turicremis
479 2232 568 2257 eum
597 2220 701 2257 dona
728 2219 942 2268 imponeret
971 2220 1044 2257 aris

111 2277 359 2328 (horrendum
389 2277 520 2329 dictu),
550 2279 680 2316 latices
710 2278 926 2326 nigrescere
956 2291 1085 2317 sacros

110 2337 271 2386 fusaque
300 2337 339 2373 in
367 2338 580 2375 obscenum
609 2349 650 2375 se
678 2344 820 2375 vertere
849 2338 936 2373 vina
965 2350 1150 2376 cruorem.

111 2395 201 2432 Hoc
229 2396 350 2433 visum
379 2396 481 2441 nulli,
511 2408 592 2433 non
620 2396 693 2445 ipsi
722 2396 835 2433 effata
865 2396 995 2434 sorori.

111 2454 308 2493 Praeterea
337 2455 406 2493 fuit
433 2456 474 2493 in
502 2456 610 2494 tectis
640 2455 688 2493 de
716 2467 908 2494 marmore
937 2456 1123 2507 templum

1412 96 1491 141 155

1427 273 1492 301 420

1426 573 1488 604 425

1425 870 1489 901 430

1426 1167 1487 1199 435

1429 1762 1490 1793 445

1431 2058 1495 2091 450

1434 2353 1493 2385 455
