1669 2737
149 78 165 105 1
178 65 227 105 16
728 70 954 108 AENEIS.

144 179 278 218 Evado
308 179 357 217 ad
386 179 526 217 summi
554 178 704 228 fastigia
733 179 921 224 culminis,
952 178 1055 217 unde

146 239 219 276 tela
246 251 362 275 manu
392 238 519 276 miseri
548 238 741 275 iactabant
769 239 870 276 irrita
899 238 1051 276 Teucri.

146 298 301 335 Turrim
329 298 369 334 in
397 297 594 347 praecipiti
624 304 789 335 stantem
819 299 1056 346 summisque
1086 297 1157 334 sub
1185 302 1288 336 astra

145 358 323 396 eductam
352 357 471 401 tectis,
501 357 605 394 unde
635 357 762 394 omnis
791 356 911 394 Troia
938 356 1055 394 videri

146 424 183 454 et
210 416 391 454 Danaum
420 416 555 453 solitae
585 429 701 454 naves
730 423 768 454 et
795 416 966 454 Achaica
994 422 1128 462 castra,

145 476 316 525 aggressi
345 475 446 513 ferro
475 476 629 521 circum,
661 488 737 525 qua
766 488 918 513 summa
946 476 1117 512 labantes

145 536 339 573 iuncturas
368 535 537 572 tabulata
566 536 719 580 dabant,
750 535 999 573 convellimus
1028 534 1112 572 altis

146 595 301 632 sedibus
329 594 649 644 impulimusque:
690 607 734 632 ea
764 594 872 643 lapsa
900 604 1057 643 repente
1086 594 1236 631 ruinam

147 665 235 691 cum
265 653 392 691 sonitu
420 653 531 690 trahit
559 660 597 691 et
626 654 805 691 Danaum
835 665 949 701 super
977 653 1133 701 agmina
1161 653 1234 690 late

146 712 285 750 incidit.
345 713 416 750 Ast
445 712 505 749 alii
535 713 713 756 subeunt,
745 724 817 749 nec
846 724 938 749 saxa
966 723 1038 748 nec
1067 711 1187 748 ullum

146 772 306 809 telorum
335 771 478 809 interea
506 779 630 810 cessat
659 783 792 821 genus.

199 831 442 868 Vestibulum
471 838 558 868 ante
588 831 714 880 ipsum
743 831 944 880 primoque
972 830 1012 866 in
1040 830 1168 866 limine
1199 829 1363 878 Pyrrhus

145 890 318 934 exsultat,
349 890 431 927 telis
460 897 497 927 et
525 889 609 927 luce
639 902 823 928 coruscus
851 894 971 935 aena;

146 949 268 998 qualis
296 950 361 986 ubi
391 949 429 986 in
458 949 584 986 lucem
614 950 770 987 coluber
798 948 899 985 mala
927 949 1102 997 gramina
1130 954 1275 997 pastus,

144 1008 282 1057 frigida
311 1009 381 1045 sub
410 1015 509 1046 terra
537 1008 728 1045 tumidum
756 1019 872 1056 quem
900 1007 1036 1043 bruma
1064 1007 1228 1054 tegebat,

145 1080 248 1105 nunc
277 1068 411 1117 positis
440 1079 562 1105 novus
592 1068 735 1104 exuviis
765 1067 983 1116 nitidusque
1013 1066 1162 1103 iuventa

144 1127 289 1165 lubrica
317 1126 506 1164 convolvit
536 1127 685 1164 sublato
714 1133 872 1175 pectore
901 1132 1019 1174 terga,

145 1187 283 1223 arduus
312 1185 361 1222 ad
391 1185 523 1230 solem,
554 1192 591 1222 et
619 1185 757 1234 linguis
786 1185 902 1222 micat
930 1196 995 1222 ore
1024 1184 1195 1222 trisulcis.

144 1245 235 1282 Una
262 1246 400 1294 ingens
428 1244 610 1293 Periphas
639 1251 676 1281 et
704 1255 893 1293 equorum
922 1244 1084 1291 agitator
1112 1243 1283 1288 Achillis,

144 1305 307 1354 armiger
334 1304 596 1345 Automedon,
626 1315 703 1340 una
731 1303 857 1340 omnis
891 1302 1021 1352 Scyria
1049 1304 1171 1352 pubes

144 1363 354 1402 succedunt
382 1369 496 1408 tecto,
526 1369 564 1400 et
594 1362 769 1400 flammas
799 1361 849 1399 ad
878 1362 1044 1399 culmina
1072 1362 1225 1400 iactant.

144 1424 234 1472 Ipse
263 1423 359 1460 inter
386 1423 531 1471 primos
561 1429 736 1470 correpta
765 1422 860 1459 dura
888 1421 1046 1470 bipenni

144 1483 275 1520 limina
303 1482 525 1532 perrumpit,
556 1488 765 1530 postesque
793 1493 816 1518 a
844 1480 998 1518 cardine
1027 1481 1128 1518 vellit

144 1549 316 1589 aeratos3
356 1542 509 1591 iamque
538 1541 667 1578 excisa
694 1540 801 1577 trabe
830 1540 940 1576 firma
969 1540 1114 1577 cavavit

143 1603 284 1640 robora
312 1607 349 1638 et
377 1601 575 1649 ingentem
604 1600 681 1637 lato
711 1599 814 1636 dedit
842 1611 908 1636 ore
938 1598 1154 1636 fenestram.

145 1662 317 1710 Apparet
347 1659 485 1697 domus
515 1660 616 1696 intus
645 1665 682 1696 et
712 1658 806 1695 atria
834 1658 952 1706 longa
980 1663 1193 1706 patescunt,

145 1725 331 1770 apparent
360 1719 501 1756 Priami
530 1726 567 1756 et
595 1725 763 1755 veterum
793 1716 1001 1766 penetralia
1029 1728 1174 1765 regum,

145 1786 393 1829 armatosque
421 1777 552 1815 vident
581 1784 724 1814 stantes
754 1777 792 1813 in
820 1775 950 1812 limine
980 1775 1116 1824 primo.

197 1839 253 1876 At
281 1838 421 1875 domus
450 1837 605 1874 interior
633 1836 779 1885 gemitu
807 1835 1025 1883 miseroque
1054 1835 1220 1872 tumultu

145 1899 335 1943 miscetur,
365 1897 593 1947 penitusque
622 1908 737 1933 cavae
766 1895 1015 1945 plangoribus
1044 1894 1160 1932 aedes

146 1957 321 1995 femineis
349 1957 494 1994 ululant
510 1970 521 2003 3
558 1956 641 1993 ferit
670 1967 784 1993 aurea
813 1954 936 1992 sidera
964 1953 1120 1990 clamor.

147 2018 254 2055 Tum
282 2017 443 2066 pavidae
472 2016 581 2053 tectis
610 2022 750 2052 matres
778 2013 998 2062 ingentibus
1028 2018 1164 2057 errant,

147 2076 425 2125 amplexaeque
453 2081 584 2113 tenent
612 2080 745 2124 postes
774 2080 888 2122 atque
917 2070 1049 2109 oscula
1079 2071 1211 2119 figunt.

147 2135 269 2173 Instat
298 2135 332 2171 vi
361 2135 483 2183 patria
513 2134 704 2184 Pyrrhus:
744 2144 817 2169 nec
846 2131 1010 2169 claustra
1039 2142 1111 2167 nec
1138 2129 1214 2179 ipsi

149 2194 330 2233 custodes
361 2194 518 2232 sufferre
548 2193 698 2239 valent3
737 2192 839 2229 labat
868 2191 983 2228 ariete
1011 2190 1145 2227 crebro

147 2255 272 2299 ianua,
304 2260 340 2291 et
369 2253 486 2291 emoti
516 2252 777 2303 procumbunt
805 2249 958 2288 cardine
987 2256 1143 2298 postes;

149 2315 192 2352 fit
218 2314 278 2350 via
305 2313 362 2358 vi;
400 2319 583 2362 rumpunt
611 2311 734 2349 aditus
762 2310 984 2360 primosque
1012 2307 1206 2346 trucidant

150 2373 310 2411 immissi
339 2371 465 2409 Danai
495 2378 532 2408 et
560 2371 634 2409 late
662 2370 749 2408 loca
777 2369 894 2407 milite
924 2367 1131 2416 complent.

150 2432 244 2471 Non
273 2433 338 2479 sic,
367 2431 572 2482 aggeribus
601 2431 720 2481 ruptis
749 2441 838 2468 cum
867 2439 1050 2480 spumeus
1079 2425 1205 2466 amnis

1475 300 1541 344 460

1473 900 1539 934 470

1474 1196 1537 1231 475

1475 1485 1541 1527 480

1476 1780 1539 1822 485

1476 2083 1544 2118 490

1476 2378 1541 2412 495
