1669 2737
162 103 215 143 φο
742 94 967 129 AENEJS.

163 203 369 253 Praecipue
398 203 483 252 pius
513 202 665 240 Aeneas
694 215 797 240 nunc
827 203 923 240 acris
953 202 1101 246 Oronti,

164 275 266 300 nunc
295 264 432 312 Amyci
462 275 592 300 casum
623 263 740 311 gemit
770 269 807 299 et
836 263 1002 299 crudelia
1031 274 1161 299 secum

165 321 241 359 fata
269 322 361 370 Lyci
391 321 604 370 fortemque
635 320 747 370 Gyan
778 319 992 370 fortemque
1022 320 1267 358 Cloanthum.

218 380 267 417 Et
295 380 371 417 iam
402 381 486 417 finis
515 387 605 425 erat,
636 393 723 417 cum
754 380 924 429 Iuppiter
953 380 1103 417 aethere
1134 391 1285 416 summo

167 439 381 488 despiciens
409 451 514 475 mare
543 439 742 476 velivolum
773 446 967 487 terrasque
995 439 1164 475 iacentes

167 498 350 546 litoraque
380 505 415 534 et
443 498 539 534 latos
567 497 742 546 populos,
774 497 827 534 sic
857 498 993 534 vertice
1023 496 1117 533 caeli

168 557 336 594 constitit
363 563 400 592 et
428 555 570 605 Libyae
599 556 727 593 defixit
755 556 899 592 lumina
926 556 1066 604 regnis.

169 617 296 665 Atque
325 616 428 653 illum
458 616 551 653 tales
580 616 781 653 iactantem
812 622 968 664 pectore
998 627 1106 652 curas

171 676 308 712 tristior
337 681 374 712 et
401 675 564 711 lacrimis
592 675 726 712 oculos
756 675 898 712 suffusa
927 675 1090 711 nitentes

171 734 372 783 alloquitur
400 734 556 771 Venus:
595 733 654 772 ‘O
685 735 750 783 qui
780 746 839 771 res
868 734 1147 783 hominumque
1177 732 1367 781 deumque

171 794 331 830 aeternis
360 794 460 842 regis
489 794 654 842 imperiis
684 801 721 830 et
748 793 904 830 fulmine
934 800 1061 836 terres,

173 853 264 902 quid
292 865 400 890 meus
432 855 584 890 Aeneas
614 854 652 889 in
680 859 716 890 te
746 853 984 890 committere
1013 859 1171 894 tantum,

173 912 264 961 quid
293 912 417 949 Troes
447 919 617 961 potuere,
648 913 785 961 quibus
814 918 870 949 tot
898 912 1030 948 funera
1060 913 1181 960 passis

175 978 333 1009 cunctus
363 972 414 1008 ob
443 971 591 1008 Italiam
620 978 803 1008 terrarum
834 971 1019 1008 clauditur
1048 972 1176 1008 orbis?

175 1032 285 1069 Certe
316 1031 403 1067 hinc
433 1031 635 1067 Romanos
664 1030 755 1067 olim
783 1030 1019 1067 volventibus
1049 1031 1170 1071 annis,

174 1091 262 1128 hinc
292 1090 371 1127 fore
401 1090 578 1127 ductores
607 1096 784 1126 revocato
813 1101 836 1125 a
864 1090 1050 1137 sanguine
1081 1089 1233 1133 Teucri,

175 1150 239 1200 qui
268 1161 384 1194 mare,
414 1149 478 1197 qui
507 1155 622 1185 terras
652 1148 758 1185 omni
788 1147 939 1184 dicione
968 1154 1150 1189 tenerent,

176 1208 386 1257 pollicitus:
427 1219 525 1256 quae
554 1214 601 1251 te,
632 1207 792 1255 genitor,
822 1207 1010 1243 sententia
1037 1207 1170 1243 vertit?

178 1267 268 1304 Hoc
297 1267 475 1315 equidem
506 1278 688 1303 occasum
719 1266 858 1302 Troiae
888 1266 1086 1314 tristesque
1116 1266 1243 1302 ruinas

177 1327 326 1364 solabar
355 1324 439 1362 fatis
468 1326 656 1362 contraria
684 1324 759 1362 fata
787 1324 1024 1374 rependens;

177 1398 280 1422 nunc
309 1385 444 1422 eadem
473 1384 624 1421 fortuna
653 1385 753 1421 viros
782 1390 838 1421 tot
867 1384 1016 1421 casibus
1046 1390 1151 1420 actos

178 1445 396 1493 insequitur.
456 1442 583 1488 Quem
613 1442 680 1479 das
710 1443 836 1488 finem,
866 1455 932 1480 rex
961 1455 1113 1491 magne,
1145 1442 1346 1480 laborum?

178 1505 357 1542 Antenor
384 1503 506 1551 potuit
535 1502 669 1539 mediis
699 1502 850 1550 elapsus
879 1502 1033 1538 Achivis

179 1563 350 1612 Illyricos
378 1568 577 1610 penetrare
606 1561 711 1597 sinus
740 1570 852 1610 atque
881 1562 1013 1597 intima
1042 1568 1142 1597 tutus

180 1634 299 1670 regna
328 1620 585 1657 Liburnorum
614 1627 651 1656 et
680 1620 823 1657 fontem
853 1632 1032 1668 superare
1061 1620 1222 1662 Timavi,

181 1683 282 1719 unde
311 1693 378 1729 per
407 1692 473 1717 ora
502 1691 641 1717 novem
672 1686 777 1716 vasto
806 1692 894 1717 cum
923 1691 1117 1716 murmure
1145 1680 1286 1716 montis

182 1743 208 1778 it
236 1752 341 1777 mare
369 1746 595 1789 proruptum
626 1746 662 1776 et
690 1740 829 1787 pelago
858 1740 995 1788 premit
1024 1751 1112 1775 arva
1141 1740 1303 1776 sonanti.

182 1801 258 1838 Hic
287 1805 415 1836 tamen
445 1799 504 1835 ille
532 1799 666 1837 urbem
698 1798 826 1835 Patavi
856 1798 1042 1846 sedesque
1071 1797 1207 1834 locavit

182 1860 434 1903 Teucrorum,
465 1864 502 1894 et
531 1858 635 1906 genti
665 1869 808 1894 nomen
838 1857 941 1894 dedit
970 1869 1150 1904 armaque
1180 1857 1260 1893 fixit

183 1919 317 1962 Troia,
348 1929 450 1953 nunc
479 1916 628 1965 placida
656 1923 880 1965 compostus
909 1928 1004 1964 pace
1033 1916 1214 1964 quiescit:

182 1989 266 2020 nos,
295 1982 360 2013 tua
388 1975 601 2024 progenies,
635 1975 727 2012 caeli
757 1976 893 2024 quibus
922 1974 1058 2011 annuis
1087 1986 1227 2019 arcem,

183 2036 344 2073 navibus
375 2033 607 2084 (infandum)
638 2034 785 2070 amissis
814 2034 925 2070 unius
955 2034 1005 2070 ob
1033 2033 1128 2068 iram

182 2095 380 2145 prodimur
409 2100 522 2142 atque
552 2093 654 2130 Italis
682 2094 798 2142 longe
828 2092 1075 2140 disiungimur
1105 2090 1191 2128 oris.

184 2154 261 2191 Hic
291 2153 440 2201 pietatis
469 2152 620 2190 honos?
659 2153 712 2188 sic
741 2164 814 2189 nos
842 2152 881 2187 in
912 2157 1061 2199 sceptra
1090 2149 1294 2198 reponis?’

239 2212 313 2249 Olli
344 2211 543 2248 subridens
573 2211 772 2248 hominurn
802 2218 903 2248 sator
931 2216 1044 2258 atque
1074 2209 1234 2246 deorum

183 2272 298 2316 vultu,
328 2282 405 2319 quo
435 2270 583 2306 caelum
614 2276 936 2318 tempestatesque
969 2274 1129 2312 serenat,

185 2331 315 2368 oscula
343 2330 469 2366 libavit
498 2337 620 2374 natae,
652 2329 789 2366 dehinc
818 2329 906 2365 talia
934 2327 1050 2364 fatur:

185 2390 327 2426 ‘Parce
356 2395 471 2433 metu,
503 2387 714 2437 Cytherea:
753 2393 911 2424 manent
941 2387 1100 2423 immota
1128 2393 1282 2424 tuorum

185 2448 262 2486 fata
290 2448 377 2493 tibi;
416 2459 549 2484 cernes
579 2447 710 2483 urbem
740 2453 777 2484 et
806 2446 993 2496 promissa
1023 2445 1155 2482 Lavini

1503 1397 1563 1426 240

1510 2284 1569 2315 255
