1669 2737
564 99 730 133 LIBER
765 100 805 133 V.
840 93 1048 149 263-340.

116 207 224 246 multi
252 214 456 258 praeterea,
486 219 584 259 quos
613 207 715 245 fama
744 208 910 245 obscura
937 207 1120 259 recondit.

116 268 268 305 Aeneas
297 268 434 317 quibus
462 268 501 304 in
530 267 664 305 mediis
694 267 747 304 sic
777 267 916 304 deinde
950 267 1120 304 locutus:

117 327 311 376 ‘Accipite
339 327 435 365 haec
464 327 599 365 animis
626 327 819 375 laetasque
847 326 1028 364 advertite
1057 333 1216 364 mentes.

115 397 231 423 nemo
260 398 306 424 ex
336 386 411 424 hoc
440 398 601 423 numero
630 385 721 422 mihi
751 397 830 422 non
861 385 1024 424 donatus
1055 387 1182 423 abibit.

115 444 263 483 Gnosia
290 445 381 482 bina
409 445 510 482 dabo
539 445 661 483 levato
689 444 815 482 lucida
843 444 941 482 ferro

114 503 260 553 spicula
288 504 547 554 caelatamque
576 510 734 552 argento
763 503 856 540 ferre
885 504 1114 552 bipennem:

114 563 293 601 omnibus
322 563 384 601 hic
414 564 482 601 erit
510 575 608 601 unus
638 563 774 600 honos.
831 562 929 600 Tres
959 565 1128 612 praemia
1157 562 1268 612 primi

113 622 300 671 accipient
327 622 501 672 flavaque
530 629 643 671 caput
671 628 870 659 nectentur
899 622 1006 659 oliva.

112 680 260 719 Primus
288 694 430 731 equum
458 682 621 731 phaleris
650 681 842 730 insignem
871 681 990 718 victor
1019 681 1181 727 habeto;

112 740 203 777 alter
233 742 489 779 Amazoniam
518 741 734 790 pharetram
766 741 996 790 plenamque
1026 742 1171 789 sagittis

112 799 309 846 Threiciis,
338 800 414 838 lato
444 812 560 850 quam
589 801 731 838 circum
761 800 999 849 amplectitur
1029 813 1121 838 auro

110 860 257 898 balteus
287 867 323 898 et
351 862 457 898 tereti
487 860 675 898 subnectit
704 859 819 896 fibula
847 871 1024 908 gemma;

111 919 240 956 tertius
269 919 449 968 Argolica
477 920 549 957 hac
577 919 686 968 galea
715 925 917 956 contentus
946 919 1070 956 abito.y

111 977 222 1016 Haec
250 979 315 1015 ubi
345 979 456 1024 dicta,
486 979 614 1016 locum
645 979 800 1027 capiunt
829 979 1016 1027 signoque
1046 986 1201 1027 repente

111 1037 318 1086 corripiunt
346 1038 467 1087 spatia
495 1038 626 1075 audito
656 1037 848 1086 limenque
878 1037 1105 1086 relinquunt,

110 1095 219 1134 effusi
249 1097 381 1134 nimbo
412 1097 576 1143 similes3
620 1096 732 1134 simul
760 1096 890 1133 ultima
919 1097 1080 1145 signant.

109 1154 258 1193 Primus
287 1157 364 1193 abit
392 1156 584 1205 longeque
614 1164 701 1192 ante
732 1156 862 1192 omnia
892 1167 1052 1204 corpora
1083 1155 1199 1193 Nisus

109 1215 257 1261 emicat,
288 1221 324 1253 et
352 1216 474 1253 ventis
503 1222 539 1252 et
568 1215 735 1252 fulminis
764 1215 869 1252 ocior
898 1215 987 1261 alis;

109 1275 306 1322 proximus
334 1273 432 1319 huic,
463 1274 582 1323 longo
612 1273 680 1311 sed
708 1274 906 1322 proximus
935 1273 1142 1319 intervallo,

109 1333 318 1382 insequitur
347 1333 469 1371 Salius
484 1346 495 1380 3
534 1333 657 1382 spatio
686 1340 775 1382 post
804 1333 943 1370 deinde
971 1334 1101 1371 relicto

108 1393 236 1429 tertius
265 1391 474 1441 Euryalus;

109 1450 391 1501 Euryalumque
422 1451 609 1501 Helymus
639 1452 826 1501 sequitur3
867 1463 945 1501 quo
975 1451 1113 1488 deinde
1143 1452 1214 1488 sub
1243 1451 1328 1500 ipso

109 1522 198 1549 ecce
227 1510 328 1548 volat
356 1511 577 1560 calcemque
606 1512 689 1548 terit
718 1512 793 1548 iam
823 1511 927 1548 calce
956 1510 1094 1548 Diores

109 1570 334 1608 incumbens
363 1582 508 1615 umero,
540 1571 661 1619 spatia
689 1577 727 1607 et
756 1570 786 1607 si
820 1570 927 1619 plura
957 1570 1156 1618 supersint,

108 1636 275 1667 transeat
302 1629 455 1678 elapsus
482 1630 584 1678 prior
613 1630 915 1679 ambiguumque
944 1629 1142 1678 relinquat.

109 1689 269 1739 Iamque
298 1688 374 1726 fere
404 1689 527 1737 spatio
556 1695 727 1726 extremo
757 1689 922 1738 fessique
951 1689 1022 1725 sub
1051 1689 1174 1737 ipsam

109 1748 226 1785 finem
254 1747 522 1793 adventabant,
553 1749 624 1786 levi
653 1760 742 1786 cum
771 1748 957 1796 sanguine
986 1747 1103 1785 Nisus

109 1808 243 1845 labitur
271 1807 409 1852 infelix,
440 1808 561 1845 caesis
589 1813 631 1845 ut
659 1808 755 1845 forte
785 1808 954 1845 iuvencis

109 1867 215 1905 fusus
244 1866 405 1904 humum
432 1867 646 1916 viridesque
676 1879 790 1916 super
818 1866 1075 1904 madefecerat
1103 1867 1250 1905 herbas.

111 1927 187 1964 Hic
216 1926 359 1963 iuvenis
388 1927 464 1963 iam
491 1927 610 1964 victor
638 1938 758 1964 ovans
786 1926 943 1974 vestigia
970 1937 1105 1975 presso

110 1986 213 2024 haud
240 1986 360 2024 tenuit
388 1986 547 2023 titubata
576 1986 669 2031 solo,
701 1985 769 2024 sed
797 1998 943 2035 pronus
973 1986 1012 2022 in
1041 1986 1124 2035 ipso

112 2045 279 2084 concidit
306 2045 583 2094 immundoque
613 2045 705 2083 fimo
735 2057 919 2093 sacroque
948 2056 1095 2089 cruore,

111 2116 190 2142 non
218 2111 348 2141 tamen
377 2104 541 2153 Euryali,
572 2116 652 2141 non
680 2104 740 2141 ille
770 2104 909 2141 oblitus
938 2115 1136 2143 amorum:

111 2175 202 2201 narn
231 2175 315 2200 sese
343 2163 525 2212 opposuit
554 2162 656 2200 Salio
686 2175 754 2212 per
781 2163 925 2199 lubrica
954 2174 1123 2211 surgens,

110 2223 171 2260 ille
199 2229 327 2259 autem
356 2223 479 2271 spissa
508 2222 623 2260 iacuit
651 2222 843 2259 revolutus
872 2221 1026 2258 harena.

111 2282 263 2319 Emicat
291 2280 488 2329 Euryalus,
518 2287 555 2318 et
582 2293 741 2318 munere
769 2282 889 2318 victor
917 2281 1029 2317 amici

112 2342 235 2390 prima
262 2346 376 2385 tenet,
405 2340 616 2389 plausuque
645 2340 745 2377 volat
773 2339 1001 2388 fremituque
1030 2340 1212 2377 secundo.

114 2401 206 2438 Post
234 2399 424 2448 Helymus
453 2400 562 2445 subit,
593 2406 630 2436 et
659 2411 763 2436 nunc
791 2399 899 2435 tertia
929 2399 1056 2447 palma
1084 2398 1232 2437 Diores

115 2459 193 2497 Hic
222 2465 346 2496 totum
374 2466 510 2496 caveae
539 2469 764 2497 consessum
792 2458 959 2507 ingentis
987 2464 1025 2495 et
1053 2470 1119 2496 ora

1418 104 1493 145 171

1430 695 1494 725 310

1431 1586 1491 1616 325

1431 1883 1493 1914 330

1432 2177 1491 2209 335

1434 2473 1496 2505 340
