1669 2737
454 479 1130 543 GEORGICA.

547 667 738 708 LIBER
783 665 1037 707 PRIMUS.

97 783 204 830 Qum
232 784 345 823 faciat
372 785 489 824 laetas
519 795 680 836 segetes,
710 799 788 837 quo
819 787 939 824 sidere
968 793 1106 824 terram

96 850 249 889 vertere,
279 844 500 891 Maecenas,
530 847 719 896 ulmisque
749 846 956 895 adiungere
985 847 1079 883 vites

97 904 308 949 conveniat,
339 917 438 954 quae
469 918 559 943 cura
587 907 718 951 boum,
748 906 813 954 qui
843 905 964 943 cultus
994 905 1173 943 habendo

97 961 143 998 sit
171 964 312 1011 pecori,
342 965 478 1015 apibus
508 972 651 1014 quanta
679 965 914 1015 experientia
942 965 1078 1013 parcis,

95 1021 183 1060 hinc
213 1035 348 1061 canere
376 1025 568 1074 incipiam.
626 1024 721 1069 Vos,
752 1037 776 1062 o
806 1025 1013 1062 clarissima
1042 1023 1176 1061 mundi

95 1081 249 1127 lumina,
278 1083 469 1121 labentem
498 1084 605 1122 caelo
634 1096 732 1133 quae
763 1084 899 1121 ducitis
929 1096 1096 1130 annum;

95 1139 210 1178 Liber
238 1149 275 1180 et
304 1143 404 1181 alma
433 1144 563 1189 Ceres,
593 1151 718 1181 vestro
750 1144 781 1181 si
808 1156 967 1181 munere
996 1144 1106 1181 tellus

96 1200 311 1240 Chaoniam
340 1204 473 1252 pingui
503 1204 684 1253 glandem
713 1204 872 1241 mutavit
900 1204 1022 1249 arista,

95 1261 310 1311 poculaque
339 1264 500 1301 inventis
529 1263 714 1301 Acheloia
743 1263 895 1300 miscuit
924 1264 1027 1309 uvis;

95 1327 132 1357 et
159 1333 239 1367 vos,
270 1330 462 1370 agrestum
491 1323 707 1372 praesentia
736 1323 906 1367 numina,
936 1321 1068 1366 Fauni,

95 1380 187 1418 ferte
216 1381 328 1419 simul
356 1382 556 1431 Faunique
585 1382 726 1431 pedem
755 1381 1006 1430 Dryadesque
1036 1382 1208 1430 puellae:

94 1451 254 1478 munera
281 1448 404 1478 vestra
433 1453 541 1479 cano.
599 1441 740 1490 Tuque
769 1453 805 1485 ο,
836 1441 896 1478 cui
926 1441 1049 1490 prima
1078 1441 1304 1479 frementem

95 1498 191 1536 fudit
219 1512 360 1549 equum
389 1512 534 1550 magno
563 1500 673 1538 tellus
702 1512 884 1549 percussa
914 1501 1074 1545 tridenti,

96 1557 301 1607 Neptune;
342 1567 378 1596 et
408 1560 530 1597 cultor
558 1572 773 1604 nemorum,
805 1560 865 1597 cui
894 1560 1053 1608 pinguia
1083 1559 1184 1597 Ceae

95 1624 149 1654 ter
177 1625 332 1655 centum
361 1619 460 1656 nivei
490 1620 654 1656 tondent
683 1619 838 1656 dumeta
867 1619 1036 1665 iuvenci;

95 1677 176 1726 ipse
205 1690 342 1716 nemus
371 1678 548 1728 linquens
577 1678 743 1727 patrium
774 1678 967 1727 saltusque
997 1678 1138 1728 Lycaei

96 1736 188 1782 Pan,
217 1738 345 1774 ovium
375 1745 516 1783 custos,
547 1745 611 1775 tua
640 1738 671 1775 si
700 1738 766 1775 tibi
797 1737 977 1775 Maenala
1007 1751 1132 1784 curae,

96 1795 209 1841 adsis,
239 1808 262 1833 o
293 1797 485 1846 Tegeaee,
516 1797 659 1842 favens,
690 1797 874 1846 oleaeque
905 1796 1079 1835 Minerva

95 1855 292 1902 inventrix,
322 1857 489 1907 uncique
518 1868 612 1906 puer
640 1864 873 1894 monstrator
903 1858 1025 1902 aratri,

96 1922 132 1952 et
159 1922 330 1953 teneram
359 1917 409 1953 ab
436 1916 564 1954 radice
594 1916 730 1962 ferens,
763 1916 923 1961 Silvane,
955 1928 1203 1965 cupressum;

97 1974 210 2024 dique
239 1975 409 2024 deaeque
439 1987 585 2020 omnes,
617 1976 784 2013 studium
814 1977 951 2025 quibus
980 1988 1068 2012 arva
1097 1977 1202 2020 tueri,

98 2034 237 2084 quique
266 2045 386 2071 novas
417 2034 513 2071 alitis
543 2046 624 2071 non
653 2034 730 2071 ullo
762 2035 907 2072 semine
938 2034 1078 2084 fruges,

97 2093 236 2142 quique
266 2094 356 2130 satis
384 2093 531 2142 largum
561 2093 668 2131 caelo
698 2093 892 2130 demittitis
923 2094 1108 2139 imbrem3

97 2160 213 2202 tuque
242 2153 353 2197 adeo,
382 2165 498 2201 quem
528 2165 621 2190 mox
651 2165 750 2202 quae
781 2153 855 2190 sint
888 2153 1064 2190 habitura
1094 2153 1253 2190 deorum

98 2212 258 2250 concilia
284 2212 471 2250 incertum
501 2219 569 2256 est,
597 2213 763 2249 urbesne
792 2212 965 2257 invisere,
996 2211 1148 2258 Caesar,

97 2279 356 2321 terrarumque
385 2271 476 2309 velis
506 2284 648 2316 curam,
678 2278 715 2308 et
744 2280 780 2308 te
809 2272 1001 2309 maximus
1031 2272 1136 2309 orbis

99 2338 293 2369 auctorem
322 2331 473 2381 frugum
503 2338 854 2380 tempestatumque
883 2338 1082 2380 potentem

99 2391 260 2440 accipiat
289 2391 448 2440 cingens
478 2397 650 2428 materna
678 2397 852 2438 tempora
881 2398 1017 2439 myrto,

100 2462 150 2488 an
178 2450 271 2487 deus
299 2450 476 2488 immensi
506 2450 635 2487 venias
664 2450 778 2486 maris
807 2461 852 2486 ac
881 2457 945 2486 tua
973 2456 1111 2487 nautae

1449 1338 1488 1360 10

1449 1932 1489 1954 20
