1669 2737
535 92 701 126 LIBER
737 91 843 127 VIII.
878 97 900 127 2
908 97 1069 141 24h301
1077 118 1087 130 .

136 202 422 250 abstractaeque
450 201 570 238 boves
599 201 867 250 abiurataeque
896 200 1051 249 rapinae

137 260 242 298 caelo
271 260 532 305 ostenduntur,
562 260 800 308 pedibusque
829 259 992 296 informe
1021 259 1182 296 cadaver

135 319 374 368 protrahitur.
433 319 639 368 Nequeunt
667 318 810 366 expleri
840 318 957 355 corda
985 319 1129 355 tuendo

135 378 316 415 terribiles
345 378 489 422 oculos,
519 377 661 414 vultum
689 377 898 425 villosaque
928 377 1016 414 setis

135 443 290 484 pectora
318 436 481 474 semiferi
511 442 624 484 atque
653 436 862 472 exstinctos
891 435 1062 472 faucibus
1090 436 1210 484 ignes.

134 494 194 532 Ex
223 495 286 532 illo
317 496 528 532 celebratus
556 495 694 539 honos,
724 494 889 542 laetique
918 495 1086 531 minores

134 566 325 591 servavere
355 554 467 598 diem,
496 554 717 602 primusque
746 553 906 590 Potitius
934 562 1066 591 auctor

134 622 171 650 et
199 613 336 650 domus
367 612 548 650 Herculei
576 621 705 650 custos
735 612 885 649 Pinaria
914 614 1008 650 sacri

133 672 232 710 hanc
261 684 364 709 aram
394 672 480 709 luco
509 672 647 716 statuit,
677 683 775 720 quae
804 672 972 708 maxima
1003 684 1155 720 semper

134 732 278 768 dicetur
305 731 416 768 nobis
446 738 483 768 et
511 731 578 768 erit
607 743 704 779 quae
733 731 902 767 maxima
930 743 1092 780 semper.

134 791 263 838 Quare
292 792 402 839 agite,
432 802 456 827 ο
485 790 649 834 iuvenes,
681 798 872 827 tantarum
902 792 941 827 in
970 803 1127 828 munere
1158 791 1315 829 laudum

133 851 272 899 cingite
301 849 436 886 fronde
466 861 596 887 comas
624 856 661 886 et
690 849 828 897 poeula
856 850 1006 898 porgite
1036 850 1176 887 dextris

133 920 455 957 communemque
482 915 615 946 vocate
645 908 759 945 deum
789 916 825 945 et
855 909 941 945 date
971 909 1057 946 vina
1086 909 1278 947 volentes!

133 969 301 1014 Dixerat,
332 967 523 1005 Herculea
551 967 697 1004 bicolor
727 980 814 1004 cum
844 968 1009 1016 populus
1038 969 1174 1005 umbra

132 1027 343 1077 velavitque
373 1039 504 1064 comas
532 1026 708 1075 foliisque
736 1028 876 1064 innexa
906 1027 1097 1075 pependit,

132 1095 170 1124 et
199 1099 303 1124 sacer
331 1086 499 1135 implevit
527 1085 699 1123 dextram
729 1086 907 1135 scyphus.
967 1086 1086 1123 Ocius
1116 1099 1251 1125 omnes

131 1147 171 1182 in
199 1158 372 1183 mensam
400 1146 486 1182 laeti
514 1145 632 1182 libant
661 1145 843 1194 divosque
873 1153 1084 1194 precantur.

186 1206 345 1243 Devexo
375 1207 517 1243 interea
545 1206 702 1255 propior
732 1206 771 1242 fit
802 1205 950 1254 Vesper
982 1205 1162 1255 Olympo.

132 1266 293 1315 Iamque
321 1266 538 1302 sacerdotes
567 1266 788 1314 primusque
817 1265 976 1302 Potitius
1006 1266 1121 1309 ibant,

132 1325 292 1373 pellibus
321 1325 359 1361 in
387 1336 535 1361 morem
564 1325 688 1369 cincti,
718 1324 968 1373 flammasque
999 1325 1180 1362 ferebant.

132 1384 350 1421 Instaurant
379 1383 509 1432 epulas
539 1391 574 1420 et
603 1395 758 1420 mensae
787 1391 895 1431 grata
924 1384 1116 1421 secundae

133 1444 236 1481 dona
264 1443 387 1481 ferunt
416 1443 688 1491 cumulantque
716 1444 882 1480 oneratis
913 1443 1083 1480 lancibus
1113 1456 1208 1482 aras.

133 1502 238 1540 Turn
269 1502 358 1540 Salii
386 1503 435 1540 ad
464 1508 597 1539 cantus
626 1503 783 1539 incensa
811 1502 940 1539 altaria
969 1503 1112 1540 circum

132 1561 307 1612 populeis
335 1561 473 1598 adsunt
502 1561 636 1598 evincti
666 1568 840 1610 tempora
868 1562 995 1605 ramis,

132 1622 194 1658 hic
222 1622 400 1657 iuvenum
429 1620 578 1664 chorus,
607 1620 667 1656 ille
697 1632 854 1666 senum;
895 1622 959 1669 qui
989 1622 1155 1659 carmine
1186 1622 1316 1660 laudes

133 1680 344 1719 Herculeas
373 1687 409 1716 et
438 1679 537 1716 facta
564 1679 713 1716 ferunt:
756 1688 797 1716 ut
825 1681 948 1729 prima
976 1692 1160 1718 novercae

132 1747 303 1777 monstra
331 1751 448 1775 manu
475 1739 727 1787 geminosque
757 1751 935 1787 premens
965 1740 1102 1776 eliserit
1131 1752 1288 1789 angues,

132 1808 174 1837 ut
200 1799 302 1836 bello
331 1799 504 1847 egregias
533 1798 637 1835 idern
667 1798 853 1836 disiecerit
881 1800 1007 1843 urbes,

133 1859 368 1908 Troiamque
398 1858 709 1906 Oechaliamque,
739 1865 781 1895 ut
810 1858 925 1895 duros
954 1859 1055 1896 mille
1085 1860 1236 1897 labores
1278 1867 1280 1869 '

132 1931 222 1968 rege
250 1919 320 1955 sub
348 1917 563 1966 Eurystheo
593 1916 677 1954 fatis
707 1917 866 1954 Iunonis
896 1919 1048 1967 iniquae

133 1977 334 2027 pertulerit.
392 1976 479 2014 ‘Tu
507 1976 732 2025 nubigenas,
763 1977 914 2022 invicte,
943 1978 1174 2015 bimembres

133 2036 402 2086 Hylaeumque
431 2035 672 2085 Pholumque
701 2048 830 2081 manu,
860 2044 898 2073 tu
928 2036 1061 2074 Cresia
1088 2047 1232 2075 mactas

132 2096 310 2146 prodigia
338 2103 375 2132 et
402 2102 550 2132 vastum
580 2095 752 2132 Nemeae
782 2097 852 2133 sub
881 2108 973 2144 rupe
1003 2097 1166 2133 leonem.

134 2156 194 2193 Te
224 2154 344 2203 Stygii
371 2162 558 2191 tremuere
586 2153 701 2199 lacus,
732 2162 767 2191 te
797 2155 933 2191 ianitor
963 2154 1053 2192 Orci

134 2227 221 2253 ossa
249 2225 363 2262 super
390 2214 577 2250 recubans
607 2220 716 2249 antro
747 2225 894 2250 semesa
922 2222 1078 2251 cruento
1094 2227 1104 2261 ;

134 2288 205 2313 nec
233 2282 270 2311 te
299 2275 395 2312 ullae
424 2274 550 2319 facies,
581 2286 662 2311 non
690 2274 818 2310 terruit
846 2275 927 2322 ipse
957 2274 1179 2324 Typhoeus,

133 2336 273 2373 arduus
301 2346 408 2371 arma
436 2340 590 2379 tenens;
629 2345 710 2370 non
739 2340 775 2370 te
804 2335 960 2371 rationis
990 2343 1169 2383 egentem

134 2395 328 2432 Lernaeus
355 2394 465 2430 turba
492 2393 662 2441 capitum
691 2392 937 2430 circumstetit
965 2395 1110 2442 anguis.

135 2454 254 2498 Salve,
284 2464 371 2489 vera
398 2451 500 2488 Iovis
529 2452 666 2500 proles,
698 2451 815 2489 decus
844 2452 968 2490 addite
999 2453 1104 2499 divis,

1435 99 1515 141 239

1456 326 1513 365 265

1455 630 1515 659 ²70

1455 1216 1515 1245 280

1453 1511 1511 1551 285

1455 1817 1515 1849 290

1455 2114 1513 2144 295

1455 2413 1515 2441 300
