1669 2737
133 86 187 129 34
690 76 978 112 GEORGJCA.

133 196 214 226 tum
244 188 369 225 somni
398 187 526 225 dulces
556 185 774 235 densaeque
803 184 842 221 in
870 183 1066 221 montibus
1094 183 1263 221 umbrae.

134 247 282 284 Cuncta
310 247 377 284 tibi
407 245 586 283 Cererem
616 245 738 294 pubes
768 243 926 292 agrestis
956 242 1111 279 adoret:

135 307 195 344 cui
222 313 262 343 tu
289 306 386 343 lacte
416 305 521 342 favos
551 311 587 341 et
616 304 696 340 miti
726 303 825 340 dilue
854 300 1022 344 Baccho,

134 374 264 414 terque
294 376 413 401 novas
443 364 583 400 circum
613 362 702 399 felix
732 367 793 398 eat
821 361 947 397 hostia
976 359 1116 408 fruges,

135 425 259 461 omnis
289 435 403 472 quam
433 421 570 459 chorus
600 427 637 457 et
664 420 757 458 socii
786 420 1015 457 comitentur
1043 424 1214 464 ovantes,

134 490 172 520 et
200 483 379 521 Cererem
409 481 574 518 clamore
603 485 741 516 vocent
769 478 808 515 in
837 485 959 524 tecta;
1001 489 1126 525 neque
1155 484 1242 516 ante

135 543 268 579 falcem
299 541 455 577 maturis
483 539 686 588 quisquam
716 544 909 586 supponat
938 537 1069 582 aristis,

134 613 251 651 quam
281 600 407 638 Cereri
436 605 532 636 torta
560 598 756 635 redimitus
786 604 960 645 tempora
989 608 1133 645 quercu

135 662 198 698 det
226 669 354 697 motus
382 658 662 706 incompositos
691 663 728 694 et
758 657 927 694 carmina
957 656 1066 693 dicat.

188 720 314 769 Atque
343 719 437 756 haec
467 724 507 754 ut
535 717 645 755 certis
675 728 878 765 possemus
908 716 1052 752 discere
1082 715 1213 764 signis,

134 787 338 827 aestusque
367 777 588 826 pluviasque
617 782 654 813 et
683 782 841 824 agentes
870 774 1011 822 frigora
1040 781 1185 818 ventos,

134 840 215 888 ipse
246 838 356 875 Pater
386 837 523 880 statuit,
553 835 644 885 quid
674 841 869 872 menstrua
897 833 988 870 luna
1016 840 1199 878 moneret,

136 911 212 948 quo
243 898 354 946 signo
384 896 563 934 caderent
593 895 734 939 Austri,
765 893 856 943 quid
886 905 1001 942 saepe
1032 893 1202 930 videntes

136 957 324 1007 agricolae
353 956 509 1005 propius
539 954 693 992 stabulis
723 960 895 991 armenta
924 958 1107 990 tenerent.

136 1017 331 1055 Continuo
360 1015 481 1052 ventis
510 1015 752 1063 surgentibus
781 1020 845 1050 aut
874 1012 966 1049 freta
993 1011 1102 1060 ponti

135 1076 320 1125 incipiunt
348 1074 490 1122 agitata
518 1079 729 1110 tumescere
760 1079 797 1109 et
825 1072 951 1109 aridus
981 1072 1064 1108 altis

135 1136 331 1173 montibus
362 1133 481 1170 audiri
510 1133 646 1180 fragor,
677 1138 740 1169 aut
768 1131 986 1169 resonantia
1014 1131 1129 1178 longe

136 1195 244 1232 litora
273 1193 424 1230 misceri
455 1199 491 1228 et
521 1203 722 1228 nemorum
752 1190 1030 1227 increbrescere
1060 1198 1239 1224 murmur.

137 1254 221 1291 Iam
250 1253 321 1290 sibi
351 1259 431 1289 tum
460 1251 581 1288 curvis
611 1250 709 1286 male
740 1256 924 1298 temperat
953 1248 1057 1285 unda
1085 1247 1232 1292 carinis,

138 1326 225 1351 cum
254 1312 382 1349 medio
412 1310 554 1347 celeres
585 1309 753 1346 revolant
783 1320 829 1346 ex
859 1320 1026 1357 aequore
1054 1306 1175 1355 mergi

138 1374 421 1419 clamoremque
450 1370 574 1407 ferunt
602 1369 650 1405 ad
679 1368 797 1412 litora,
829 1379 993 1417 eumque
1022 1366 1191 1403 marinae

139 1434 177 1470 in
206 1432 309 1469 sicco
339 1431 474 1467 ludunt
503 1428 648 1473 fulicae,
679 1434 867 1476 notasque
896 1427 1057 1476 paludes

139 1491 277 1529 deserit
305 1496 418 1538 atque
448 1489 562 1525 altam
592 1498 706 1536 supra
735 1487 836 1524 volat
866 1486 981 1523 ardea
1010 1486 1164 1522 nubem.

141 1552 263 1600 Saepe
294 1550 407 1587 etiam
438 1548 564 1585 stellas
592 1553 708 1584 vento
737 1545 984 1595 impendente
1014 1544 1160 1582 videbis

140 1609 363 1660 praecipites
394 1607 501 1645 caelo
530 1607 615 1651 labi,
646 1606 849 1654 noctisque
878 1617 947 1654 per
967 1605 1151 1641 umbram

139 1671 378 1707 flammarum
407 1667 546 1715 longos
575 1678 597 1703 a
626 1672 734 1713 tergo
764 1665 956 1702 albescere
985 1670 1147 1705 tractus;

140 1741 254 1777 saepe
283 1727 405 1764 levem
435 1727 585 1775 paleam
614 1732 652 1762 et
681 1724 835 1761 frondes
864 1723 1016 1760 volitare
1046 1722 1221 1766 caducas,

139 1796 203 1826 aut
231 1798 380 1824 summa
408 1793 544 1823 nantes
572 1785 611 1821 in
641 1796 740 1832 aqua
768 1783 960 1820 colludere
988 1782 1150 1831 plumas.

140 1849 191 1884 At
220 1846 365 1883 Boreae
395 1845 442 1882 de
471 1851 575 1894 parte
603 1844 717 1880 trucis
747 1855 836 1880 cum
865 1841 1049 1886 fulminat,
1079 1848 1116 1877 et
1145 1852 1234 1877 cum

141 1907 308 1955 Eurique
340 1904 580 1953 Zephyrique
610 1910 715 1940 tonat
745 1902 909 1939 domus:
950 1901 1081 1938 omnia
1109 1900 1232 1948 plenis

140 1977 225 2003 rura
253 1970 385 2001 natant
414 1964 537 2009 fossis,
569 1969 681 2011 atque
710 1962 836 1999 omnis
865 1961 991 1998 navita
1019 1965 1140 2008 ponto

140 2024 284 2062 Umida
313 2024 395 2060 vela
424 2023 522 2070 legit.
581 2022 804 2071 Numquam
834 2019 1138 2069 imprudentibus
1167 2018 1287 2056 imber

141 2083 286 2121 obfuit:
327 2089 391 2119 aut
419 2082 524 2119 illum
553 2088 771 2129 surgentem
800 2080 956 2116 vallibus
985 2078 1071 2115 imis

142 2143 263 2180 a'e'riae
293 2141 423 2190 sugere
452 2153 576 2189 grues,
607 2147 670 2177 aut
700 2139 837 2177 bucula
866 2137 1015 2175 caelum

142 2201 353 2250 suspiciens
383 2201 519 2249 patulis
549 2199 711 2248 captavit
740 2199 893 2235 naribus
922 2209 1046 2242 auras,

143 2267 206 2298 aut
235 2267 366 2308 arguta
394 2260 499 2296 lacus
529 2258 840 2296 circumvolitavit
869 2256 1032 2293 hirundo

143 2328 180 2357 et
207 2326 373 2356 veterem
403 2319 442 2354 in
471 2319 562 2355 limo
594 2330 707 2354 ranae
738 2317 911 2354 cecinere
940 2314 1158 2364 querellam.

146 2379 305 2428 Saepius
333 2385 370 2415 et
399 2379 506 2414 tectis
536 2377 793 2427 penetralibus
822 2374 954 2412 extulit
983 2385 1056 2411 ova

145 2444 349 2487 angustum
379 2437 536 2474 formica
565 2443 691 2474 terens
721 2437 801 2481 iter,
832 2441 869 2472 et
895 2433 990 2471 bibit
1018 2433 1156 2482 ingens

1457 373 1521 406 345

1463 963 1524 994 355

1463 1251 1527 1289 360

1466 1547 1526 1588 365

1466 2147 1529 2181 375

1469 2435 1531 2475 380
