1669 2737
541 68 708 103 LIBER
737 68 811 103 XI.
847 72 897 118 73
908 63 1055 106 1-808.

116 180 433 225 spumantemque
463 176 629 225 agitabat
657 189 810 226 equum,
842 189 956 227 quem
985 177 1093 226 pellis
1123 177 1229 214 aenis

114 234 154 270 in
181 234 351 283 plumam
380 237 547 285 squamis
576 248 669 274 auro
700 243 877 274 conserta
905 238 1068 285 tegebat.

114 289 216 342 Ipse,
245 295 444 343 peregrina
473 295 661 344 ferrugine
690 296 812 333 clarus
841 302 878 333 et
907 303 1022 341 ostro,

115 352 260 401 spicula
287 354 489 403 torquebat
517 354 636 403 Lycio
667 353 854 403 Gortynia
884 366 1025 401 cornu;

117 424 253 450 aureus
282 426 330 451 ex
357 414 498 451 umeris
527 420 606 451 erat
634 425 742 451 arcus
771 420 808 450 et
836 426 948 451 aurea
976 413 1052 451 vati

1417 73 1499 118 317

1437 189 1501 223 770

118 472 287 519 cassida;
325 479 407 509 tum
436 484 610 510 croceam
639 472 956 522 chlamydemque
987 473 1168 522 sinusque
1197 478 1396 522 crepantes
1437 485 1497 517 755

117 531 321 569 carbaseos
350 532 451 568 fulvo
479 532 519 568 in
548 531 695 568 nodum
725 532 929 580 collegerat
958 544 1060 577 auro,

114 590 238 639 pictus
267 603 337 628 acu
364 591 511 628 tunicas
539 597 576 627 et
604 591 764 627 barbara
792 591 962 639 tegmina
991 603 1155 628 crurum.

114 648 233 687 Hunc
260 651 377 699 virgo,
407 650 485 687 sive
513 656 553 687 ut
581 650 732 698 templis
760 651 985 700 praefigeret
1014 662 1120 687 arma

113 707 246 752 Troia,
277 709 426 757 captivo
455 709 530 745 sive
559 714 600 745 ut
629 721 669 746 se
698 708 808 746 ferret
837 709 876 745 in
906 721 998 746 auro

112 767 292 813 venatrix,
322 779 441 804 unum
471 779 518 804 ex
548 768 654 805 omni
684 769 889 805 certamine
918 780 1072 817 pugnae

113 837 229 863 caeca
257 827 484 875 sequebatur
512 833 711 876 totumque
741 828 892 864 incauta
922 840 989 876 per
1019 838 1160 876 agmen

113 884 278 922 femineo
306 884 471 934 praedae
500 892 537 922 et
565 886 775 935 spoliorum
806 886 961 923 ardebat
992 897 1134 931 amore,

112 943 231 980 telum
258 956 305 981 ex
333 944 479 981 insidiis
509 956 597 981 cum
626 944 782 981 tandem
811 951 985 993 tempore
1015 951 1129 993 capto

113 1004 279 1041 concitat
308 1011 345 1041 et
374 1016 533 1054 superos
561 1005 708 1041 Arruns
737 1006 790 1042 sic
819 1016 912 1042 voce
942 1012 1138 1053 precatur:

115 1062 295 1100 ‘Summe
324 1063 450 1108 deum,
480 1064 599 1101 sancti
629 1071 757 1101 custos
788 1063 954 1100 Soractis
983 1063 1135 1111 Apollo,

113 1133 230 1170 quem
259 1122 369 1172 primi
398 1123 568 1167 colimus,
597 1123 656 1160 cui
685 1124 820 1171 pineus
851 1122 962 1159 ardor
991 1133 1127 1159 acervo

113 1182 280 1229 pascitur
309 1188 345 1219 et
373 1181 542 1218 medium
571 1181 652 1218 freti
681 1183 820 1231 pietate
849 1194 917 1230 per
946 1182 1078 1230 ignem

114 1239 278 1278 cultores
305 1240 424 1278 multa
452 1242 660 1290 premimus
688 1242 845 1290 vestigia
874 1253 1006 1289 pruna,

115 1299 176 1344 da,
206 1306 322 1348 pater,
352 1299 426 1337 hoc
455 1301 593 1337 nostris
622 1301 763 1337 aboleri
795 1300 960 1337 dedecus
990 1300 1114 1345 armis,

115 1359 372 1407 omnipotens.
429 1357 521 1395 Non
550 1359 703 1396 exuvias
732 1359 909 1408 pulsaeve
940 1365 1140 1407 tropaeum

114 1418 267 1466 virginis
295 1424 358 1454 aut
387 1417 509 1467 spolia
536 1417 611 1455 ulla
638 1426 728 1467 peto
759 1418 866 1466 (mihi
897 1424 1018 1455 cetera
1046 1417 1198 1455 laudem

115 1476 216 1514 facta
243 1474 401 1526 ferent):
439 1476 534 1514 haec
563 1477 642 1514 dira
671 1489 758 1515 meo
789 1477 879 1515 dum
909 1477 1059 1514 vulnere
1089 1478 1206 1525 pestis

114 1535 225 1584 pulsa
253 1535 373 1579 cadat,
402 1536 541 1584 patrias
569 1537 749 1574 remeabo
779 1536 962 1585 inglorius
990 1534 1125 1573 urbes?

114 1594 246 1631 Audiit
275 1601 312 1631 et
339 1594 417 1631 voti
445 1594 622 1633 Phoebus
653 1595 856 1633 succedere
886 1602 1034 1644 partem

115 1660 244 1691 mente
274 1653 386 1698 dedit,
417 1660 562 1707 partem
591 1654 762 1692 volucres
792 1654 965 1703 dispersit
994 1655 1031 1690 in
1061 1665 1198 1692 auras:

115 1719 299 1751 sterneret
326 1719 368 1750 ut
397 1714 522 1750 subita
551 1715 742 1751 turbatam
769 1720 892 1751 morte
923 1713 1135 1758 Camillam,

115 1773 248 1810 annuit
276 1773 399 1810 oranti
412 1786 424 1819 3
463 1773 643 1811 reducem
670 1780 711 1811 ut
740 1774 860 1823 patria
889 1773 963 1810 alta
991 1772 1142 1818 videret,

114 1843 197 1869 non
225 1831 340 1877 dedit,
369 1833 485 1882 inque
513 1839 627 1870 notos
657 1845 791 1870 vocem
820 1839 961 1870 vertere
990 1832 1189 1881 procellae.

115 1890 219 1941 Ergo
248 1898 290 1929 ut
315 1891 433 1929 missa
461 1904 579 1929 manu
607 1893 774 1929 sonitum
805 1891 907 1928 dedit
935 1891 1044 1928 hasta
1072 1903 1139 1940 per
1169 1903 1290 1938 auras,

117 1957 335 1989 convertere
363 1951 512 1989 animos
541 1963 648 1989 acres
678 1951 886 2000 oculosque
916 1950 1033 1987 tulere

117 2011 244 2048 cuncti
271 2010 320 2048 ad
348 2011 520 2060 reginam
548 2010 691 2048 Volsci.
749 2010 851 2047 Nihil
881 2011 963 2059 ipsa
991 2022 1062 2047 nec
1091 2023 1203 2048 aurae

115 2081 189 2107 nec
217 2070 364 2107 sonitus
392 2081 541 2106 memor
568 2075 634 2106 aut
662 2069 845 2106 venientis
875 2070 922 2105 ab
952 2069 1100 2106 aethere
1132 2070 1205 2115 teli,

116 2128 227 2165 hasta
254 2128 325 2165 sub
354 2135 545 2166 exsertam
573 2128 697 2166 donec
726 2127 869 2176 perlata
897 2128 1078 2176 papillam

115 2186 239 2224 haesit
266 2187 551 2236 virgineumque
581 2187 655 2223 alte
684 2186 777 2222 bibit
806 2192 891 2223 acta
921 2199 1106 2224 cruorem.

117 2245 361 2284 Concurrunt
388 2246 558 2295 trepidae
588 2245 747 2283 comites
776 2245 1050 2295 dominamque
1079 2254 1252 2285 ruentem

117 2305 338 2353 suscipiunt.
394 2304 506 2354 Fugit
535 2312 622 2342 ante
651 2316 787 2342 omnes
816 2306 1013 2343 exterritus
1043 2306 1199 2351 Arruns,

117 2364 256 2402 laetitia
282 2364 478 2413 mixtoque
506 2371 619 2407 metu,
651 2376 722 2401 nec
751 2364 827 2401 iam
856 2365 1018 2413 amplius
1046 2365 1175 2404 hastae

119 2422 273 2461 credere
300 2434 372 2460 nec
402 2423 483 2460 telis
512 2434 711 2461 occurrere
739 2423 893 2473 virginis
923 2424 1046 2462 audet.

1435 1958 1497 1989 800

1433 2255 1494 2294 805
