1669 2737
135 64 151 91 1
159 52 212 106 36
709 60 935 98 AENEJS.

131 166 363 216 Hesperium
395 167 522 205 Siculo
551 167 648 205 latus
677 168 848 215 abscidit,
878 182 1043 220 arvaque
1073 177 1111 208 et
1141 172 1253 209 urbes

130 227 237 264 litore
266 227 438 264 diductas
467 235 630 276 angusto
658 228 824 265 interluit
852 237 969 267 aestu.

129 284 318 322 Dextrum
349 285 472 335 Scylla
500 286 607 332 latus,
638 286 786 323 laevum
815 288 1017 337 implacata
1046 288 1259 337 Charybdis

131 344 290 389 obsidet,
321 352 435 393 atque
465 345 544 382 imo
574 345 737 381 barathri
766 352 822 382 ter
850 347 1000 395 gurgite
1028 355 1156 384 vastos

131 406 258 442 sorbet
286 406 324 441 in
355 407 557 454 abruptum
586 405 722 442 fluctus
751 418 953 456 rursusque
983 408 1053 444 sub
1083 420 1192 445 auras

131 464 238 512 erigit
266 464 431 501 alternos
461 470 497 501 et
527 464 648 501 sidera
678 465 846 502 verberat
874 466 990 503 unda.

129 523 180 559 At
211 522 375 571 Scyllam
404 523 527 559 caecis
557 523 709 559 cohibet
739 524 921 572 spelunca
948 525 1101 562 latebris

129 593 194 617 ora
223 588 479 618 exsertantem
509 587 545 617 et
574 594 689 619 naves
718 582 756 618 in
787 594 879 620 saxa
908 583 1132 621 trahentem.

129 639 255 677 Prima
284 640 452 677 hominis
482 640 597 677 facies
626 647 663 677 et
692 641 851 689 pulchro
880 649 1035 691 pectore
1065 643 1171 689 virgo

128 700 229 747 pube
258 706 379 745 tenus,
410 708 607 748 postrema
636 699 793 737 immani
822 713 982 749 corpore
1012 701 1144 750 pistrix

129 757 350 806 delphinum
380 757 521 795 caudas
549 766 656 796 utero
688 760 894 797 commissa
921 760 1109 808 luporum.

128 815 297 853 Praestat
326 816 514 853 Trinacrii
543 824 664 855 metas
691 817 846 856 lustrare
876 819 1045 868 Pachyni

127 883 342 912 cessantem
371 876 510 924 longos
540 883 577 913 et
606 877 904 914 circumflectere
934 890 1078 922 cursus,

127 946 243 983 quam
272 935 390 971 semel
418 934 621 972 informem
651 942 757 973 vasto
788 937 925 974 vidisse
955 938 1025 974 sub
1054 944 1164 974 antro

128 993 291 1042 Scyllam
320 1001 357 1030 et
387 994 567 1031 caeruleis
597 996 758 1032 canibus
786 997 1003 1033 resonantia
1032 1008 1134 1033 saxa.

125 1052 326 1090 Praeterea
354 1053 384 1090 si
413 1065 489 1102 qua
517 1060 574 1091 est
604 1053 758 1092 Heleno
788 1055 1001 1104 prudentia,
1028 1056 1103 1092 vati

126 1112 155 1149 si
185 1124 261 1160 qua
288 1112 393 1156 fides,
424 1113 597 1149 animum
626 1113 656 1150 si
685 1114 779 1151 veris
808 1114 940 1162 implet
969 1114 1123 1163 Apollo,

124 1183 244 1208 unum
273 1171 365 1208 illud
394 1172 472 1216 tibi,
503 1179 590 1209 nate
620 1173 701 1217 dea,
732 1184 880 1221 proque
909 1174 1089 1210 omnibus
1119 1185 1238 1210 unum

124 1231 341 1278 praedicam
371 1238 407 1268 ct
435 1238 612 1280 repetens
640 1232 853 1281 iterumque
883 1232 1094 1282 iterumque
1124 1233 1317 1269 monebo:

123 1289 284 1326 Iunonis
312 1301 478 1338 magnae
507 1290 673 1338 primum
702 1303 816 1339 prece
845 1303 990 1328 numen
1019 1291 1147 1336 adora,

123 1348 263 1385 Iunoni
294 1360 388 1385 cane
418 1355 506 1385 vota
534 1349 657 1386 libens
687 1349 961 1399 dominamque
990 1357 1187 1399 potentem

124 1407 357 1456 supplicibus
387 1420 525 1456 supera
555 1408 678 1454 donis,
709 1409 762 1446 sic
792 1409 957 1458 denique
987 1410 1105 1446 victor

123 1466 322 1503 Trinacria
351 1466 447 1503 fines
476 1466 593 1504 Italos
622 1467 770 1504 mittere
798 1468 935 1505 relicta.

124 1526 215 1563 Huc
243 1526 307 1562 ubi
338 1525 483 1563 delatus
513 1526 725 1563 Cumaeam
755 1527 961 1564 accesseris
990 1529 1124 1564 urbem

124 1586 348 1635 divinosque
377 1586 483 1622 lacus
511 1592 549 1622 et
577 1587 729 1623 Averna
759 1587 936 1624 sonantia
965 1588 1077 1633 silvis,

123 1649 297 1685 insanam
327 1653 449 1684 vatem
478 1648 649 1696 aspicies,
681 1660 779 1697 quae
808 1660 902 1697 rupe
933 1649 1004 1685 sub
1034 1649 1110 1687 ima

125 1706 201 1743 fata
229 1707 332 1743 canit
360 1706 533 1754 foliisque
563 1714 674 1743 notas
703 1713 740 1743 et
768 1707 927 1743 nomina
956 1707 1124 1744 mandat.

125 1764 403 1813 Quaecumque
433 1765 471 1800 in
502 1764 600 1801 foliis
629 1765 828 1813 descripsit
857 1765 1026 1802 carmina
1055 1766 1172 1813 virgo,

124 1826 260 1875 digerit
288 1826 326 1862 in
356 1837 558 1862 numerum
589 1832 702 1874 atque
732 1833 841 1863 antro
872 1827 1018 1864 seclusa
1048 1827 1234 1875 relinquit,

124 1886 184 1923 illa
212 1893 369 1922 manent
398 1886 557 1922 immota
586 1885 680 1923 locis
709 1897 834 1934 neque
862 1886 910 1922 ab
940 1886 1074 1923 ordine
1104 1886 1255 1923 cedunt.

124 1943 267 1983 Verum
298 1946 443 1992 eadem,
474 1958 583 1984 verso
612 1947 737 1983 tenuis
766 1958 855 1983 cum
885 1947 1037 1984 cardine
1065 1955 1199 1984 ventus

124 2006 272 2055 impulit
301 2013 338 2042 et
367 2012 517 2043 teneras
547 2007 707 2043 turbavit
735 2005 848 2042 ianua
877 2005 1042 2051 frondes,

124 2076 336 2113 numquam
366 2064 503 2102 deinde
533 2076 628 2101 cavo
657 2064 851 2102 volitantia
878 2064 1064 2113 prendere
1093 2075 1187 2101 saxo

124 2136 196 2161 nec
226 2134 403 2160 revocare
433 2124 526 2160 situs
551 2130 615 2160 aut
644 2124 799 2172 iungere
829 2123 998 2160 carmina
1026 2129 1155 2160 curat:

125 2182 327 2220 inconsulti
357 2183 498 2219 abeunt
527 2182 736 2231 sedemque
765 2182 881 2219 odere
911 2182 1086 2231 Sibyllae.

127 2242 203 2278 Hic
232 2241 299 2278 tibi
328 2254 375 2277 ne
404 2254 480 2290 qua
508 2253 639 2278 morae
668 2242 805 2278 fuerint
836 2241 1035 2290 dispendia
1064 2241 1168 2286 tanti,

125 2301 300 2350 quamvis
329 2301 557 2349 increpitent
587 2301 679 2338 socii
709 2308 746 2338 et
774 2301 808 2337 vi
838 2312 969 2338 cursus
999 2301 1037 2337 in
1068 2300 1186 2337 altum

126 2361 207 2398 vela
234 2366 345 2397 vocet
373 2360 576 2409 possisque
605 2360 709 2396 sinus
738 2359 895 2408 implere
925 2359 1126 2403 secundos,

127 2420 219 2470 quin
248 2420 364 2457 adeas
393 2424 518 2456 vatem
546 2419 800 2468 precibusque
830 2418 983 2456 oracula
1012 2429 1151 2468 poscas

1451 305 1517 336 420

1452 599 1513 631 425

1449 892 1515 925 430

1449 1189 1487 1217 43
1494 1187 1510 1218 5

1447 1482 1512 1514 440

1447 1780 1510 1812 445

1448 2078 1514 2111 450

1448 2373 1512 2407 455
