1669 2737
551 545 1220 609 GEORGICA.

623 733 815 773 LIBER
857 731 1150 773 TERTIUS.

194 853 255 891 TE
285 865 449 903 quoque,
480 863 624 900 magna
653 851 774 895 Pales,
808 857 845 888 et
873 857 911 888 te
939 850 1191 889 memorande
1222 860 1405 887 canemus

193 913 327 950 Pastor
355 913 404 950 ab
434 911 668 960 Amphryso,
697 923 776 956 VOS,
807 911 924 948 silvae
954 922 1163 959 amnesque
1193 909 1345 958 Lycaei.

193 973 332 1011 Cetera
360 985 460 1022 quae
488 984 627 1009 vacuas
657 972 868 1009 tenuissent
897 971 1065 1008 carmine
1096 977 1253 1015 mentes,

193 1035 325 1072 omnia
353 1035 429 1071 iam
458 1032 632 1080 vulgata:
673 1032 757 1080 quis
787 1038 851 1068 aut
880 1031 1094 1080 Eurysthea
1123 1031 1262 1068 durum

193 1101 257 1132 aut
286 1092 453 1130 illaudati
484 1091 605 1128 nescit
635 1090 819 1128 Busiridis
850 1091 960 1128 aras?

193 1153 267 1192 Cui
296 1164 377 1190 non
406 1151 529 1188 dictus
561 1150 681 1199 Hylas
711 1162 806 1199 puer
836 1156 872 1187 et
902 1149 1064 1187 Latonia
1093 1149 1215 1187 Delos

194 1212 521 1262 Hippodameque
550 1221 763 1258 umeroque
794 1209 932 1258 Pelops
962 1210 1123 1258 insignis
1153 1210 1314 1252 eburn0‚

194 1285 281 1310 acer
308 1271 442 1320 equis?
499 1269 747 1319 Temptanda
776 1269 836 1305 via
865 1276 935 1313 est,
965 1281 1041 1318 qua
1071 1280 1134 1305 me
1164 1279 1321 1317 quoque
1351 1265 1499 1315 possim

194 1332 324 1370 tollere
354 1331 473 1367 humo
503 1329 698 1377 victorque
727 1328 849 1364 virum
879 1328 1035 1365 volitare
1064 1340 1132 1376 per
1161 1339 1238 1364 ora.

193 1393 343 1430 Primus
372 1402 447 1440 ego
477 1390 516 1426 in
545 1390 706 1438 patriam
735 1401 900 1434 mecum,
930 1388 1049 1425 modo
1079 1388 1154 1425 vita
1184 1386 1357 1436 supersit,

194 1452 324 1489 Aonio
354 1451 504 1488 rediens
534 1449 723 1486 deducam
754 1449 892 1486 vertice
923 1448 1080 1494 Musas;

194 1514 340 1563 primus
370 1511 576 1548 Idumaeas
606 1509 766 1546 referam
797 1509 874 1554 tibi,
906 1508 1079 1553 Mantua,
1109 1508 1268 1557 palmas,

195 1582 232 1612 et
259 1573 366 1610 viridi
397 1573 436 1609 in
467 1582 606 1619 campo
638 1569 824 1617 templum
854 1569 901 1606 de
930 1581 1122 1606 marmore
1151 1580 1298 1617 ponam

196 1639 353 1683 propter
382 1642 534 1680 aquam,
563 1629 680 1666 tardis
710 1629 847 1677 ingens
875 1628 941 1665 ubi
970 1628 1134 1665 flexibus
1164 1634 1262 1664 errat

196 1692 364 1730 Mincius
393 1697 430 1728 et
457 1696 587 1727 tenera
616 1689 801 1737 praetexit
830 1687 1044 1725 harundine
1074 1687 1188 1736 ripas.

196 1752 244 1789 In
271 1750 401 1788 medio
431 1748 524 1785 mihi
555 1747 697 1785 Caesar
725 1747 794 1784 erit
822 1746 1086 1796 templumque
1115 1745 1288 1782 tenebit:

196 1811 246 1849 illi
274 1811 395 1848 victor
423 1820 498 1857 ego
528 1814 566 1845 et
595 1807 716 1855 Tyrio
747 1813 978 1854 conspectus
1008 1806 1046 1842 in
1076 1812 1181 1842 ostro

197 1877 353 1909 centum
383 1867 633 1918 quadriiugos
663 1866 817 1915 agitabo
849 1865 898 1902 ad
926 1864 1088 1901 flumina
1117 1876 1261 1901 currus.

198 1930 350 1969 Cuncta
377 1928 470 1966 mihi
500 1927 695 1976 Alpheum
724 1926 902 1975 linquens
931 1925 1116 1973 lucosque
1147 1923 1339 1961 Molorchi

199 1990 371 2028 cursibus
400 1994 437 2025 et
467 1987 587 2024 crudo
618 1985 796 2023 decernet
826 1984 990 2022 Graecia
1018 1990 1159 2021 caestu.

199 2050 288 2098 Ipse
318 2054 433 2097 caput
462 2054 598 2084 tonsae
629 2045 726 2082 foliis
756 2051 916 2082 ornatus
945 2043 1067 2080 olivae

199 2108 303 2146 dona
332 2107 463 2144 feram.
521 2105 605 2141 Iam
633 2116 739 2141 nunc
769 2103 977 2141 sollemnes
1006 2102 1144 2139 ducere
1173 2113 1338 2151 pompas

200 2167 250 2205 ad
279 2166 436 2204 delubra
465 2165 570 2201 iuvat
600 2175 812 2212 caesosque
841 2162 968 2199 videre
998 2161 1192 2206 iuvencos,

199 2225 258 2263 vel
288 2237 427 2262 scaena
457 2230 498 2261 ut
527 2223 644 2261 versis
675 2222 847 2260 discedat
878 2221 1065 2258 frontibus
1095 2226 1214 2269 utque

200 2296 393 2334 purpurea
421 2283 554 2320 intexti
585 2282 722 2319 tollant
751 2281 886 2318 aulaea
914 2279 1097 2316 Britanni.

202 2345 248 2381 In
278 2343 424 2381 foribus
453 2354 626 2392 pugnam
656 2353 703 2378 ex
734 2353 826 2378 auro
856 2339 1057 2388 solidoque
1086 2338 1293 2387 elephanto

204 2402 470 2452 Gangaridum
500 2401 637 2438 faciam
665 2400 895 2448 victorisque
925 2411 1031 2436 arma
1061 2397 1223 2444 Quirini,

204 2471 317 2513 atque
345 2462 407 2500 hic
435 2461 649 2499 undantem
678 2459 779 2497 bello
809 2469 1071 2508 magnumque
1102 2456 1285 2494 fluentem

1549 1400 1590 1421 10

1547 1699 1584 1730 15

1551 1996 1592 2019 20
