1669 2737
134 72 213 115 130
704 66 930 103 AENEIS.

131 181 167 211 et
197 187 311 224 saepe
342 174 582 224 Hesperiam,
613 186 728 224 saepe
758 175 855 214 Itala
887 187 1007 224 regna
1037 188 1186 214 vocare.

133 233 208 271 Sed
238 234 322 284 quis
351 235 401 271 ad
429 234 643 283 Hesperiae
671 241 852 272 venturos
881 235 990 273 litora
1019 236 1195 272 Teucros

131 293 325 331 crederet?
365 301 428 330 aut
457 305 573 342 quem
602 301 683 330 tum
713 301 817 331 vates
848 293 1066 331 Cassandra
1096 294 1292 332 moveret?

132 352 325 389 Cedamus
355 352 514 389 Phoebo
543 359 580 389 et
608 353 744 390 moniti
773 353 931 390 meliora
961 353 1203 402 sequamur.'’

133 412 194 449 Sic
225 413 285 456 ait,
316 418 352 448 et
382 412 508 449 cuncti
537 412 640 449 dicto
669 425 847 461 paremus
877 420 1045 450 ovantes.

132 472 248 509 Hanc
278 484 433 520 quoque
463 471 673 509 deserimus
703 473 835 510 sedem
864 473 1073 521 paucisque
1103 472 1242 510 relictis

131 531 213 568 vela
242 531 380 568 damus
408 537 632 580 vastumque
662 543 755 568 cava
783 531 888 568 trabe
917 532 1103 568 currimus
1133 543 1287 580 aequor.

132 590 343 639 Postquam
373 589 490 626 altum
519 596 675 627 tenuere
705 597 803 628 rates
832 603 904 627 nec
934 591 1011 627 iam
1041 590 1204 639 amplius
1232 590 1330 627 ullae

132 658 318 699 apparent
346 656 478 693 terrae,
508 649 656 686 caelum
684 650 853 699 undique
884 656 920 687 et
950 649 1118 698 undique
1148 656 1304 698 pontus,

131 716 211 746 tum
241 708 333 744 mihi
365 708 558 745 caeruleus
589 720 703 757 supra
731 715 847 757 caput
876 709 991 745 astitit
1020 709 1141 745 imber

132 775 288 806 noctem
316 767 561 816 hiememque
590 767 726 813 ferens,
757 774 794 805 et
823 767 1010 805 inhorruit
1038 768 1143 806 unda
1171 767 1348 805 tenebris.

133 828 329 877 Continuo
358 828 459 864 venti
488 827 643 864 volvunt
672 839 775 864 mare
805 839 1024 876 magnaque
1055 836 1215 876 surgunt

133 900 311 936 aequora,
341 886 500 935 dispersi
529 886 709 923 iactamur
737 887 886 935 gurgite
914 895 1032 932 vasto,

133 948 324 986 involvere
354 947 457 984 diem
486 946 607 983 nimbi
637 954 674 983 et
703 958 782 983 nox
813 946 943 983 umida
972 947 1121 984 caelum

134 1009 294 1054 abstulit,
326 1008 565 1056 ingeminant
595 1008 764 1055 abruptis
795 1007 961 1044 nubibus
990 1008 1112 1056 ignes.

133 1068 358 1105 Excutimur
387 1079 498 1103 cursu
527 1072 564 1103 et
592 1066 716 1103 caecis
745 1078 916 1103 erramus
944 1066 984 1103 in
1013 1067 1136 1104 undis.

135 1129 223 1177 Ipse
253 1127 353 1164 diem
384 1133 616 1176 noctemque
646 1134 760 1175 negat
791 1126 1004 1163 discernere
1035 1127 1142 1163 caelo

134 1200 206 1225 nec
234 1187 457 1224 meminisse
486 1186 568 1223 viae
597 1187 725 1224 media
753 1186 954 1222 Palinurus
983 1186 1022 1222 in
1051 1186 1166 1223 unda.

134 1248 233 1285 Tres
264 1247 362 1284 adeo
391 1246 558 1283 incertos
589 1259 704 1284 caeca
734 1245 896 1294 caligine
927 1245 1028 1282 soles

135 1319 306 1346 erramus
336 1307 488 1356 pelago,
519 1307 681 1344 totidem
711 1306 791 1343 sine
822 1305 945 1342 sidere
975 1312 1117 1343 noctes.

137 1367 286 1413 Quarto
316 1373 414 1404 terra
443 1366 504 1403 die
533 1366 698 1415 primum
729 1377 769 1402 se
800 1365 969 1401 attollere
1000 1365 1156 1402 tandem

136 1428 224 1472 visa,
255 1426 400 1475 aperire
430 1425 565 1475 procul
594 1432 746 1462 montes
774 1437 819 1462 ac
849 1424 998 1461 volvere
1028 1423 1188 1461 fumum.

136 1487 234 1523 Vela
263 1486 415 1531 cadunt,
446 1486 560 1522 remis
590 1485 834 1533 insurgimuS‚
865 1483 966 1521 haud
995 1495 1116 1529 mora,
1147 1490 1286 1521 nautae

138 1546 267 1583 annixi
298 1550 478 1593 torquent
508 1556 666 1593 spumas
696 1551 732 1581 et
762 1542 913 1580 caerula
942 1549 1105 1582 verrunt.

140 1606 336 1642 Servatum
365 1616 412 1640 ex
442 1603 555 1640 undis
585 1602 846 1652 Strophadum
876 1613 938 1638 me
968 1602 1076 1638 litora
1105 1601 1273 1650 primum

139 1664 343 1712 excipiunt.
402 1662 639 1711 Strophades
670 1662 787 1699 Graio
819 1666 919 1698 stant
947 1661 1105 1697 nomine
1136 1660 1258 1697 dietae

138 1724 285 1762 insulae
315 1722 429 1760 Ionio
458 1723 497 1759 in
527 1734 684 1771 magno,
713 1733 809 1770 quas
840 1720 922 1757 dira
951 1719 1121 1757 Celaeno

140 1783 413 1832 Harpyiaeque
443 1782 574 1819 colunt
603 1782 709 1826 aliae,
739 1779 899 1817 Phineia
927 1786 1134 1828 postquam

140 1843 268 1881 clausa
297 1842 446 1886 domus,
475 1852 707 1889 mensasque
735 1846 840 1876 metu
870 1838 1013 1888 liquere
1043 1839 1199 1887 priores.

140 1906 304 1943 Tristius
332 1904 435 1941 haud
462 1903 534 1941 illis
562 1910 789 1947 monstrum,
818 1913 890 1938 nec
921 1900 1067 1938 saevior
1095 1900 1171 1937 ulla

140 1965 258 2014 pestis
288 1972 324 2002 et
353 1965 406 2001 ira
436 1964 552 2001 deum
583 1963 723 2012 Stygiis
753 1973 836 1999 sese
867 1961 998 1998 extulit
1026 1960 1152 1997 undis.

141 2025 313 2073 Virginei
342 2023 540 2061 volucrum
569 2023 704 2068 vultus,
735 2020 957 2059 foedissima
985 2020 1125 2056 ventris

142 2083 333 2134 proluvies
362 2094 562 2132 uncaeque
591 2093 728 2118 manus
758 2088 794 2117 et
824 2079 965 2130 pallida
995 2090 1147 2128 semper

142 2156 209 2181 ora
238 2143 348 2180 fame.

142 2204 234 2242 Huc
262 2204 328 2240 ubi
357 2203 469 2241 delati
499 2210 631 2252 portus
659 2203 891 2246 intravimus,
921 2212 1011 2238 eece

143 2263 240 2301 laeta
267 2264 386 2300 boum
416 2263 559 2313 passim
590 2263 737 2311 campis
768 2267 940 2299 armenta
967 2259 1140 2296 videmus

144 2323 469 2372 caprigenumque
498 2334 616 2371 pecus
646 2321 750 2358 nullo
782 2319 941 2358 custode
969 2331 1037 2367 per
1065 2318 1214 2356 herbas.

144 2383 327 2420 Irruimus
356 2382 466 2428 ferro,
497 2389 534 2419 et
564 2382 670 2419 divos
700 2382 903 2430 ipsumque
932 2391 1114 2417 vocamus

146 2442 185 2479 in
213 2448 360 2492 partem
389 2442 651 2491 praedamque
682 2440 839 2478 Iovem:
879 2446 962 2478 tum
991 2438 1098 2476 litore
1128 2449 1244 2475 curvo

1463 181 1522 221 185

1465 486 1526 518 190

1465 781 1523 814 195

1466 1080 1528 1103 200

1468 1379 1507 1390 aa

1468 1378 1528 1410 „5

1471 1973 1530 2004 215

1471 2271 1533 2294 220
