1669 2737
582 526 1060 589 AENEIS.

478 710 726 753 LIBER
778 711 1157 766 QUINTUS.

129 841 304 879 INTEREA
331 841 502 880 medium
529 843 684 881 Aeneas
712 843 787 880 iam
819 843 938 880 classe
968 844 1122 880 tenebat

128 909 252 938 certus
280 901 349 939 iter
376 901 590 952 fluctusque
620 910 724 940 atros
752 902 946 952 Aquilone
975 903 1139 947 secabat,

128 960 283 998 moenia
310 961 530 1009 respiciens,
560 974 660 1011 quae
688 962 765 998 iam
795 961 955 998 infelicis
984 961 1131 998 Elissae

128 1020 318 1058 collucent
345 1020 521 1058 flammis.
579 1020 692 1067 Quae
721 1027 870 1058 tantum
900 1021 1116 1058 accenderit
1143 1021 1274 1070 ignem

128 1091 245 1117 causa
271 1079 386 1126 latet3
426 1080 508 1117 duri
536 1092 681 1129 magno
711 1079 779 1118 sed
808 1092 940 1117 amore
969 1080 1121 1118 dolores

127 1138 273 1187 polluto
301 1145 525 1189 notumque,
555 1139 684 1177 furens
713 1139 805 1188 quid
835 1139 977 1177 femina
1006 1140 1136 1188 possit,

127 1198 232 1235 triste
260 1209 329 1246 per
356 1198 557 1247 augurium
586 1197 838 1235 Teucrorum.
856 1205 1013 1247 pectora
1043 1199 1200 1236 ducunt.

127 1255 182 1293 Ut
209 1256 368 1305 pelagus
397 1264 553 1295 tenuere
580 1263 679 1294 rates
708 1269 781 1294 nec
809 1257 886 1294 iam
920 1257 1084 1306 amplius
1113 1257 1188 1295 ulla

127 1316 289 1353 occurrit
315 1316 436 1362 tellus,
464 1317 584 1353 maria
612 1316 783 1365 undique
812 1323 850 1353 et
883 1316 1050 1366 undique
1081 1317 1243 1363 caelum,

127 1374 191 1412 olli
219 1374 414 1413 caeruleus
443 1387 559 1424 supra
587 1382 702 1424 caput
730 1375 846 1413 astitit
875 1376 997 1413 imber

127 1441 283 1472 noctem
312 1433 555 1484 hiememque
585 1433 723 1480 ferens,
753 1441 790 1472 et
819 1434 1004 1472 inhorruit
1033 1434 1137 1472 unda
1166 1435 1342 1473 tenebris.

127 1492 217 1542 Ipse
245 1493 478 1541 gubernator
506 1493 627 1542 puppi
656 1492 857 1531 Palinurus
887 1494 936 1530 ab
965 1494 1039 1531 alta

127 1552 241 1589 ‘Heu
269 1552 449 1602 quianam
477 1552 572 1588 tanti
601 1552 802 1589 cinxerunt
831 1552 986 1590 aethera
1015 1553 1160 1590 nimbi?

127 1611 277 1660 quidve,
307 1618 415 1660 pater
444 1609 636 1659 Neptune,
666 1609 826 1659 paras?'
868 1610 930 1649 Sic
960 1611 1100 1648 deinde
1128 1612 1277 1650 locutus

126 1670 305 1719 colligere
333 1681 440 1706 arma
469 1670 571 1707 iubet
599 1669 810 1719 validisque
840 1670 1061 1708 incumbere
1089 1671 1214 1716 remis,

125 1729 371 1778 obliquatque
401 1729 506 1766 sinus
534 1729 573 1765 in
600 1736 757 1766 ventum
785 1741 831 1767 ac
860 1729 948 1767 talia
977 1729 1096 1767 fatur:

126 1787 400 1837 ‘Magnanime
429 1789 575 1833 Aenea,
605 1799 697 1832 non,
727 1788 758 1825 si
786 1788 879 1825 mihi
909 1788 1080 1837 Iuppiter
1108 1796 1241 1827 auctor

125 1847 327 1897 spondeat,
355 1847 431 1885 hoc
459 1858 612 1896 sperem
640 1846 790 1884 Italiam
818 1848 1044 1898 contingere
1074 1849 1195 1886 caelo.

125 1907 264 1945 Mutati
293 1914 506 1945 transversa
533 1905 700 1944 fremunt
728 1914 765 1944 et
793 1919 949 1956 vespere
979 1909 1027 1945 ab
1055 1916 1137 1945 atro

124 1973 363 2015 consurgunt
391 1967 504 2010 venti,
533 1972 648 2015 atque
677 1966 717 2002 in
746 1967 889 2003 nubem
919 1967 1068 2015 cogitur
1097 1971 1173 2004 ae‘r.

124 2025 209 2063 Nec
237 2037 310 2063 nos
337 2025 458 2063 obniti
486 2032 619 2062 contra
647 2037 718 2062 nec
747 2025 903 2063 tendere
931 2032 1080 2063 tantum

124 2084 343 2122 sufficimus.
401 2084 562 2134 Superat
589 2085 773 2134 quoniam
802 2084 981 2130 Fortuna,
1013 2096 1230 2134 sequamur,

123 2155 278 2193 quoque
305 2150 427 2189 vocat,
457 2150 645 2181 vertamus
674 2144 754 2182 iter.
810 2143 894 2182 Nec
922 2144 1033 2181 litora
1061 2144 1178 2193 longe

124 2203 200 2240 fida
227 2215 312 2240 reor
340 2203 502 2240 fraterna
529 2202 663 2252 Erycis
691 2209 900 2252 portusque
931 2202 1103 2248 Sicanos,

124 2263 155 2300 si
184 2262 303 2299 modo
330 2262 398 2299 rite
426 2273 576 2299 memor
604 2269 749 2300 servata
778 2263 957 2299 remetior
987 2261 1106 2300 astra.’

122 2321 229 2359 Tum
256 2321 342 2369 pius
370 2321 544 2358 Aeneas:
586 2321 799 2370 ‘Equidem
828 2321 883 2359 sic
911 2333 1071 2370 poscere
1101 2330 1236 2360 ventos

123 2381 347 2419 iamdudum
377 2387 414 2418 et
442 2380 578 2418 frustra
607 2393 726 2419 cerno
756 2388 792 2419 te
822 2381 977 2418 tendere
1007 2388 1151 2420 contra.

123 2440 250 2479 Flecte
279 2441 378 2477 viam
407 2440 508 2479 velis.
567 2441 631 2478 An
660 2441 705 2479 sit
734 2440 826 2478 mihi
855 2441 996 2491 gratior
1025 2441 1111 2487 ulla,

775 2525 848 2551 ΜΖ

1471 1391 1512 1414 10

1470 1982 1508 2004 20

1467 2279 1504 2311 25
