1669 2737
163 82 180 109 1
188 69 241 109 60
736 73 772 107 A
777 72 815 106 E
817 72 960 107 NEIS.

159 193 195 223 et
224 186 277 223 sic
306 184 381 222 fata
410 184 513 221 Iovis
542 190 718 233 poscunt,
749 183 810 220 hie
840 182 1022 220 terminus
1051 182 1204 219 haeret:

159 252 197 282 at
225 244 324 281 bello
355 244 510 281 audacis
539 243 670 293 populi
701 249 857 280 vexatus
887 249 924 280 et
953 242 1078 287 armis,
1484 244 1548 286 615

160 305 298 341 finibus
329 304 500 347 extorris,
530 303 734 352 complexu
763 302 915 340 avulsus
944 302 1016 338 Iuli

160 364 340 401 auxilium
369 362 545 411 imploret
574 362 773 410 videatque
802 362 960 411 indigna
989 372 1146 398 suorum

161 423 319 468 sunera;
367 435 451 467 nec,
482 434 570 458 cum
600 433 640 458 se
671 422 741 458 sub
770 421 875 469 leges
905 421 1010 469 pacis
1041 421 1193 468 iniquae

162 482 366 526 tradiderit,
396 493 515 530 regno
545 487 610 518 aut
638 487 771 529 optata
800 479 883 517 luce
914 479 1067 523 fruatur,

164 542 233 579 sed
263 541 374 579 cadat
403 548 489 577 ante
519 540 619 577 diem
650 540 855 588 mediaque
885 538 1105 576 inhumatus
1135 537 1287 575 harena.
1487 541 1551 573 620

166 601 276 638 Haec
306 612 453 649 precor,
483 599 583 636 hanc
612 610 747 636 vocem
777 605 987 635 extremam
1017 610 1104 634 cum
1133 598 1322 646 sanguine
1352 595 1483 633 fundo.

165 660 269 698 Tum
299 672 377 704 vos,
408 671 432 696 o
461 658 577 707 Tyrii,
609 658 763 706 stirpem
792 663 829 694 et
858 669 980 706 genus
1010 669 1126 694 omne
1156 656 1323 693 futurum

165 726 338 757 exercete
369 719 466 756 odiis
497 718 690 766 cinerique
718 717 813 754 haec
843 717 977 753 mittite
1007 723 1141 753 nostro

165 791 335 816 munera.
393 777 529 814 Nullus
559 789 668 813 amor
697 776 848 825 populis
878 788 950 813 nec
980 775 1135 812 foedera
1164 782 1289 813 sunto.

165 839 349 876 Exoriare
378 838 512 886 aliquis
541 836 681 873 nostris
710 848 757 872 ex
788 836 939 872 ossibus
968 835 1077 880 ultor,
1489 838 1550 879 625

167 900 232 948 qui
261 898 343 935 face
373 896 590 934 Dardanios
621 895 794 944 ferroque
825 906 984 943 sequare
1015 894 1188 939 colonos,

167 970 281 1002 nunc,
312 957 413 1001 olim,
445 967 691 1004 quocumque
720 955 866 991 dabunt
894 966 935 991 se
965 960 1138 1002 tempore
1166 954 1272 990 vires.

167 1017 297 1054 Litora
325 1016 496 1052 litoribus
526 1014 724 1058 contraria,
756 1013 934 1050 fluctibus
962 1012 1085 1049 undas

168 1078 366 1125 imprecor,
398 1086 502 1111 arma
531 1074 667 1110 armis:
707 1079 881 1122 pugnent
910 1072 1058 1121 ipsique
1086 1070 1348 1120 nepotesque.'

222 1136 332 1173 Haec
362 1134 424 1178 ait,
454 1139 491 1169 et
519 1139 646 1182 partes
676 1132 847 1168 animum
876 1132 1050 1168 versabat
1078 1132 1117 1168 in
1146 1143 1293 1171 omnes,
1491 1135 1554 1175 650

168 1197 326 1233 invisam
356 1204 543 1242 quaerens
572 1204 687 1240 quam
717 1192 884 1240 primum
913 1192 1139 1239 abrumpere
1167 1190 1304 1228 lucem.

169 1256 274 1292 Turn
303 1253 463 1290 breviter
493 1251 641 1288 Barcen
671 1251 858 1287 nutricem
889 1249 1005 1287 affata
1036 1249 1207 1299 Sychaei,

169 1326 335 1363 namque
365 1323 474 1350 suam
503 1310 624 1360 patria
653 1310 808 1358 antiqua
838 1310 932 1347 cinis
960 1316 1039 1346 ater
1068 1308 1257 1346 habebat:

171 1376 359 1417 ‘Annam,
390 1383 478 1409 cara
505 1370 596 1407 mihi
626 1370 763 1415 nutrix,
794 1369 868 1406 huc
898 1369 987 1406 siste
1017 1380 1212 1406 sororem:

170 1435 230 1472 dic
259 1443 399 1481 corpus
428 1436 608 1479 properet
636 1429 773 1466 fluviali
804 1441 981 1478 spargere
1011 1427 1169 1476 lympha
1494 1431 1555 1472 635

170 1501 207 1531 et
235 1491 404 1542 pecudes
433 1501 563 1527 secum
592 1496 629 1526 et
657 1495 871 1526 monstrata
900 1487 1049 1536 piacula
1077 1487 1201 1523 ducat.

173 1553 235 1590 Sic
263 1551 397 1594 veniat,
429 1556 545 1597 tuque
574 1550 659 1597 ipsa
687 1548 750 1596 pia
778 1554 865 1596 tege
894 1555 1070 1596 tempora
1098 1547 1198 1583 vitta.

173 1612 288 1649 Sacra
316 1609 401 1646 Iovi
432 1608 576 1656 Stygio,
607 1620 706 1656 quae
735 1607 804 1644 rite
834 1608 985 1655 incepta
1013 1605 1150 1654 paravi,

171 1673 350 1722 perficere
379 1676 436 1707 est
464 1669 614 1706 animus
645 1668 837 1717 finemque
868 1668 1066 1716 imponere
1096 1666 1196 1703 curis

171 1730 431 1779 Dardaniique
459 1740 595 1777 rogum
625 1727 758 1776 capitis
787 1726 1002 1776 permittere
1032 1723 1230 1762 flammae.’
1495 1730 1559 1770 640

174 1793 235 1830 Sic
265 1791 326 1828 ait.
383 1789 452 1826 Illa
479 1788 642 1837 gradum
671 1787 796 1824 studio
826 1786 1014 1823 celerabat
1043 1785 1141 1821 anili.

173 1853 224 1889 At
252 1850 398 1899 trepida
426 1855 463 1885 et
491 1847 637 1896 coeptis
666 1846 896 1883 immanibus
925 1845 1040 1882 effera
1069 1844 1184 1889 Dido,

173 1910 423 1959 sanguineam
453 1907 608 1944 volvens
638 1906 759 1943 aciem
789 1904 1023 1952 maculisque
1052 1910 1256 1940 trementes

172 1969 355 2008 interfusa
382 1978 500 2016 genas
529 1972 566 2004 et
594 1965 733 2014 pallida
761 1970 883 2001 morte
911 1963 1048 2008 futura,

172 2029 351 2066 interiora
381 2026 519 2064 domus
548 2023 721 2073 irrumpit
749 2023 879 2060 limina
908 2029 945 2060 et
974 2022 1071 2059 altos
1496 2027 1556 2069 645

173 2086 400 2126 conscendit
428 2083 630 2121 furibunda
657 2094 774 2131 rogos
803 2093 1012 2130 ensemque
1041 2080 1200 2117 recludit

172 2147 423 2190 Dardanium,
454 2157 535 2181 non
563 2143 636 2181 hos
665 2143 878 2192 quaesitum
907 2153 1046 2178 munus
1076 2141 1115 2178 in
1144 2151 1246 2178 usus.

174 2207 264 2252 Hic,
293 2211 499 2254 postquam
529 2203 663 2240 Iliacas
693 2208 815 2239 vestes
844 2207 1055 2249 notumque
1085 2199 1207 2237 cubile

174 2265 386 2314 conspexit,
416 2262 573 2312 paulum
601 2262 764 2299 lacrimis
793 2266 830 2297 et
859 2267 987 2297 mente
1016 2266 1164 2296 morata

174 2324 419 2372 incubuitque
450 2329 534 2359 toro
564 2321 734 2370 dixitque
762 2320 968 2358 novissima
996 2320 1137 2356 verba:
1497 2323 1561 2365 650

174 2384 340 2421 ‘Dulces
369 2382 536 2426 exuviae,
567 2381 656 2418 dum
688 2379 764 2417 fata
792 2380 962 2428 deusque
992 2379 1150 2423 sinebat,

173 2443 332 2493 accipite
362 2441 460 2479 hanc
489 2441 657 2478 animam
686 2451 824 2490 meque
853 2438 913 2476 his
943 2437 1125 2476 exsolvite
1155 2439 1263 2476 curis.
