1669 2737
136 70 216 115 252
709 67 937 102 AENEJS.

136 173 304 227 [vertitur
331 189 435 214 arma
463 184 600 214 tenens
629 183 666 214 et
695 184 777 214 toto
807 177 944 213 vertice
975 187 1089 224 supra
1117 171 1190 227 est]

136 247 204 271 ceu
234 243 380 284 septem
409 248 568 285 surgens
599 237 738 274 sedatis
769 236 945 272 amnibus
975 235 1071 271 altus

136 306 203 342 per
229 295 384 332 taciturn
415 294 573 343 Ganges
603 303 667 332 aut
695 296 827 344 pingui
857 294 1014 331 flumine
1045 293 1155 330 Nilus

136 366 223 391 cum
251 354 373 391 refluit
402 356 547 403 campis
576 362 613 392 et
642 356 717 392 iarn
747 367 787 392 se
817 353 988 392 condidit
1017 353 1135 389 alveo.

136 412 212 450 Hic
244 413 406 450 subitam
436 414 545 462 nigro
574 414 778 462 glomerari
807 413 960 462 pulvere
990 413 1133 448 nubem

136 473 371 521 prospiciunt
401 472 543 509 Teucri
573 484 617 509 ac
646 474 822 510 tenebras
850 472 1045 519 insurgere
1075 470 1233 519 campis.

138 532 284 568 Primus
312 532 361 568 ab
390 532 549 568 adversa
578 532 794 569 conclamat
822 531 923 568 mole
953 530 1115 567 Caicus:

139 591 256 637 ‘Quis
285 590 434 639 globus,
465 603 489 628 o
519 592 632 636 cives,
662 591 825 639 caligine
854 590 1013 627 volvitur
1041 589 1146 626 atra?

137 651 245 687 Ferte
275 651 337 687 citi
366 650 515 695 ferrum,
547 651 634 688 date
663 651 747 695 tela,
778 650 972 688 ascendite
1002 661 1144 693 muros,

137 710 256 746 hostis
285 710 403 755 adest,
433 709 556 747 heial'
614 710 767 759 Ingenti
797 710 961 747 clamore
992 721 1059 757 per
1088 720 1225 745 omnes

138 770 309 807 condunt
337 782 377 806 se
407 770 548 807 Teucri
577 777 708 819 portas
737 778 774 807 et
802 770 955 807 moenia
985 768 1190 816 complent.

140 829 318 878 Namque
347 830 398 866 ita
427 830 629 867 discedens
659 835 906 878 praeceperat
934 828 1102 878 optimus
1131 826 1247 864 armis

139 891 313 927 Aeneas:
353 890 383 926 si
413 901 490 938 qua
518 890 661 926 interea
689 888 840 925 fortuna
868 888 1010 932 fuisset,

139 962 214 986 neu
244 956 383 986 struere
413 949 595 986 auderent
623 948 744 985 aciem
775 960 849 984 neu
879 947 1032 984 credere
1062 957 1224 995 campo;

140 1015 262 1046 castra
290 1008 409 1044 modo
439 1014 477 1044 et
505 1013 607 1045 tutos
637 1014 829 1044 servarent
858 1018 998 1055 aggere
1026 1017 1168 1042 muros.

139 1068 244 1116 Ergo
273 1067 341 1104 etsi
370 1067 542 1104 conferre
571 1079 729 1104 manum
759 1066 884 1116 pudor
913 1067 1043 1114 iraque
1071 1070 1270 1109 monstrat,

140 1127 325 1164 obiiciunt
354 1133 482 1175 portas
512 1133 641 1163 tamen
670 1134 707 1162 et
736 1132 940 1174 praecepta
968 1124 1161 1161 facessunt

142 1187 351 1235 armatique
381 1187 482 1223 cavis
512 1192 736 1234 exspectant
766 1185 927 1222 turribus
956 1184 1118 1221 hostem.

142 1246 307 1291 Turnus,
337 1253 377 1283 ut
406 1253 495 1283 ante
524 1245 657 1282 volans
687 1247 838 1282 tardum
867 1249 1125 1293 praecesserat
1154 1253 1295 1291 agmen

142 1306 273 1354 viginti
301 1306 405 1342 lectis
435 1305 606 1354 equiturn
637 1305 840 1341 comitatus
869 1311 905 1341 et
932 1303 1017 1340 urbi

143 1366 370 1414 improvisus
400 1365 508 1402 adest
537 1363 713 1414 (maculis
743 1376 857 1413 quem
888 1363 1077 1400 Thracius
1107 1361 1201 1399 albis

143 1432 270 1474 portat
299 1436 419 1472 equus
449 1424 638 1471 cristaque
668 1423 761 1471 tegit
789 1423 898 1470 galea
927 1433 1042 1459 aurea
1070 1419 1210 1469 rubra),

146 1483 307 1531 ‘Ecquis
337 1485 414 1525 erit,
443 1494 607 1527 mecum,
638 1482 806 1526 iuvenes,
837 1481 901 1530 qui
931 1482 1074 1529 primus
1103 1482 1142 1516 in
1173 1480 1323 1516 hostem
1336 1478 1405 1515 ?—-

145 1543 227 1580 En'
258 1543 318 1586 ait,
349 1549 385 1578 et
414 1542 579 1579 iaculum
608 1547 827 1589 attorquens
857 1540 991 1577 emittit
1020 1540 1060 1576 in
1090 1550 1209 1583 auras,

146 1602 373 1651 principium
403 1613 568 1649 pugnae,
598 1607 635 1637 et
665 1612 803 1648 campo
833 1612 916 1637 sese
944 1599 1085 1636 arduus
1115 1597 1236 1634 infert.

146 1661 365 1699 Clamorem
394 1661 588 1709 excipiunt
618 1660 711 1696 socii
741 1659 968 1707 fremituque
1000 1665 1209 1706 sequuntur

146 1722 369 1758 horrisono:
411 1720 607 1756 Teucrum
637 1719 818 1755 mirantur
847 1718 982 1755 inertia
1011 1717 1137 1762 corda,

147 1793 225 1818 non
255 1791 379 1828 aequo
410 1779 499 1816 dare
529 1791 569 1816 se
599 1789 752 1827 campo,
783 1789 862 1814 non
892 1777 1004 1814 obvia
1033 1776 1128 1812 ferre

147 1853 253 1879 arma
280 1841 392 1884 viros,
422 1839 489 1876 sed
519 1846 642 1876 castra
670 1838 808 1874 fovere.
869 1835 1160 1883 Hucssturbidus
1190 1842 1303 1884 atque
1333 1835 1408 1871 huc

147 1902 276 1938 lustrat
305 1910 405 1947 equo
434 1909 565 1934 muros
595 1897 816 1945 aditumque
844 1908 913 1944 per
941 1896 1025 1932 avia
1053 1893 1209 1943 quaerit.

147 1962 205 1997 Ac
234 1959 345 1995 veluti
375 1958 489 2006 pleno
519 1957 630 2004 lupus
658 1956 854 1992 insidiatus
883 1954 971 1991 ovili

148 2031 235 2057 cum
265 2018 388 2055 fremit
417 2017 466 2054 ad
495 2016 635 2059 caulas,
666 2021 801 2052 ventos
829 2026 1033 2063 perpessus
1062 2021 1099 2051 et
1128 2013 1281 2056 imbres,

148 2086 260 2116 nocte
289 2090 403 2126 super
431 2076 559 2113 media
589 2075 672 2125 (tuti
702 2075 774 2112 sub
802 2074 986 2110 matribus
1016 2073 1105 2122 agni

148 2138 315 2176 balatum
345 2142 535 2179 exercent,
566 2134 626 2171 ille
656 2146 767 2182 asper
796 2140 833 2170 et
862 2132 1060 2181 improbus
1089 2132 1143 2169 ira

148 2197 264 2235 saevit
294 2197 331 2232 in
361 2196 550 2239 absentes,
580 2193 739 2230 collecta
769 2192 900 2240 fatigat
929 2191 1066 2228 edendi

149 2270 196 2295 ex
224 2256 344 2303 longo
373 2255 496 2291 rabies
526 2261 562 2290 et
592 2253 714 2290 siccae
745 2252 931 2300 sanguine
960 2248 1131 2300 fauces):

149 2315 249 2353 haud
278 2314 381 2350 aliter
412 2312 554 2349 Rutulo
584 2323 716 2348 muros
745 2318 782 2347 et
810 2316 931 2347 castra
958 2309 1077 2346 tuenti

149 2377 350 2424 ignescunt
378 2373 453 2408 irae
469 2385 479 2418 3
519 2371 621 2408 duris
651 2370 761 2407 dolor
790 2369 940 2406 ossibus
969 2367 1087 2412 ardet,

150 2446 225 2483 qua
254 2439 411 2481 temptet
439 2431 584 2468 ratione
613 2430 737 2467 aditus
766 2437 804 2466 et
833 2440 930 2477 quae
959 2428 1019 2464 via
1048 2427 1199 2466 clausos

1478 214 1523 281 ‘30

1483 544 1522 574 35

1483 840 1526 872 40

1486 1136 1526 1167 45

1487 1432 1528 1465 50

1491 1730 1530 1762 55

1494 2017 1536 2048 60
