1669 2737
557 91 726 126 LIBER
755 92 851 128 XII.
884 86 1099 140 650-727.

136 198 333 237 involvens
362 211 519 237 secum:
560 200 720 238 disiecta
747 212 816 249 per
844 201 1002 250 agmina
1031 200 1187 239 Turnus

136 258 190 295 sic
218 258 322 296 urbis
350 260 423 297 ruit
452 260 500 297 ad
529 272 672 304 muros,
702 260 768 297 ubi
797 259 961 308 plurima
990 260 1074 298 fuso

136 319 324 367 sanguine
354 326 451 357 terra
480 319 610 356 madet
639 319 879 369 striduntque
909 320 1108 357 hastilibus
1137 332 1262 366 aurae,

136 380 402 430 significatque
431 394 549 418 manu
577 388 614 418 et
643 393 788 430 magno
819 381 930 418 simul
959 382 1093 430 incipit
1122 394 1211 419 ore:

139 440 308 479 ‘Parcite
338 442 424 485 iam,
456 441 597 487 Rutuli,
629 449 665 479 et
693 454 762 479 vos
793 442 867 479 tela
895 442 1073 488 inhibete,
1105 443 1231 480 Latini
1246 457 1256 491 3

137 514 404 552 quaecumque
435 510 491 539 est
521 502 700 548 Fortuna,
731 515 818 539 mea
848 510 928 540 est:
972 515 1034 541 me
1065 505 1189 541 verius
1219 517 1339 542 unum

135 573 208 609 pro
236 561 344 598 vobis
374 561 509 598 foedus
538 561 641 598 luere
671 569 707 598 et
739 561 942 599 decernere
972 561 1093 599 ferro.’

137 620 358 657 Discessere
387 632 525 658 omnes
555 620 671 657 medii
701 621 945 670 spatiumque
975 621 1125 658 dedere.

193 681 244 716 At
274 686 381 729 pater
409 681 563 717 Aeneas
593 680 723 717 audito
753 681 910 717 nomine
940 680 1062 717 Turni

137 742 274 779 deserit
303 748 340 779 et
368 754 500 779 muros
530 749 568 779 et
597 754 767 779 summas
799 743 937 779 deserit
966 755 1072 780 arces

136 803 435 852 praecipitatque
465 815 594 841 moras
624 815 773 849 omnes,
804 815 923 852 opera
953 804 1084 840 omnia
1114 803 1267 852 rumpit,

135 861 275 899 laetitia
304 862 508 907 exsultans,
539 863 852 912 horrendumque
882 863 1029 900 intonat
1058 864 1195 900 armis:

136 929 302 970 quantus
331 921 457 959 Athos
487 930 550 959 aut
580 930 746 972 quantus
777 922 880 971 Eryx
911 929 975 959 aut
1004 923 1085 972 ipse
1116 923 1283 960 coruscis

136 993 224 1018 curn
254 980 380 1018 fremit
408 981 554 1018 ilicibus
585 989 751 1031 quantus
781 982 999 1031 gaudetque
1029 982 1141 1018 nivali

127 1040 274 1077 ,vertice
305 1053 345 1078 se
375 1041 550 1078 attollens
581 1050 688 1090 pater
717 1042 975 1090 Appenninus
1005 1042 1052 1079 ad
1083 1054 1204 1079 auras.
1225 1049 1322 1094 XL,

136 1099 221 1136 Iam
251 1112 340 1137 vero
371 1107 407 1137 et
438 1099 569 1137 Rutuli
600 1101 769 1137 certatim
800 1109 836 1138 et
867 1100 992 1138 Troes
1022 1107 1059 1138 et
1088 1113 1224 1138 omnes

137 1167 359 1197 convertere
389 1160 524 1197 oculos
554 1159 648 1205 Itali,
682 1161 824 1209 quique
855 1160 929 1197 alta
958 1161 1141 1198 tenebant

114 1219 292 1257 amoenia
320 1219 461 1268 quique
491 1220 590 1257 imos
619 1220 824 1268 pulsabant
853 1221 965 1257 ariete
995 1233 1136 1265 muros,

137 1290 320 1327 armaque
351 1279 565 1326 deposuere
593 1280 744 1316 umeris.
805 1280 939 1328 Stupet
967 1280 1049 1328 ipse
1078 1279 1237 1316 Latinus

136 1337 314 1386 ingentes
343 1338 495 1386 genitos
525 1338 681 1375 diversis
710 1339 881 1388 partibus
912 1339 1015 1376 orbis

138 1396 235 1433 inter
265 1409 305 1433 se
334 1397 472 1434 coiisse
502 1397 602 1434 viros
631 1404 668 1434 et
698 1410 852 1435 cernere
882 1397 991 1435 ferro.

137 1457 257 1506 Atqui
287 1456 348 1501 illi,
378 1463 419 1493 ut
449 1469 572 1495 vacuo
601 1466 805 1506 patuerunt
836 1470 1004 1506 aequore
1034 1459 1173 1507 campi,

137 1528 324 1566 procursu
352 1517 500 1564 rapido,
531 1518 714 1554 coniectis
744 1519 894 1555 eminus
923 1518 1051 1563 hastis,

137 1575 324 1612 invadunt
353 1575 519 1613 Martem
549 1577 679 1625 clipeis
709 1585 822 1626 atque
851 1590 937 1614 aere
968 1589 1122 1614 sonoro.

137 1635 215 1672 Dat
243 1636 430 1684 gemitum
460 1636 569 1674 tellus
584 1650 594 1683 3
635 1643 716 1673 tum
745 1637 900 1674 crebros
930 1637 1083 1673 ensibus
1113 1637 1210 1674 ictus

138 1696 438 1743 congeminant:
475 1695 554 1734 fors
584 1703 622 1733 et
649 1697 766 1734 virtus
795 1697 1005 1733 miscentur
1033 1697 1073 1732 in
1101 1709 1233 1734 unum.

137 1756 196 1793 Ac
225 1756 327 1792 velut
355 1756 501 1804 ingenti
533 1755 610 1793 Sila
639 1767 839 1793 summove
870 1756 1058 1792 Taburno

138 1827 227 1852 cum
257 1815 334 1852 duo
365 1816 560 1853 conversis
589 1816 741 1852 inimica
771 1816 810 1852 in
839 1816 984 1864 proelia
1012 1816 1107 1852 tauri

137 1873 327 1912 frontibus
355 1874 551 1912 incurrunt
583 1874 725 1925 (pavidi
756 1888 906 1913 cessere
935 1876 1116 1924 magistri,

139 1941 213 1971 stat
241 1946 359 1983 pecus
389 1946 506 1972 omne
535 1942 638 1972 metu
669 1942 819 1972 mutum
849 1942 1099 1983 mussantque
1129 1936 1324 1981 iuvencae,

139 1993 224 2042 quis
253 1994 400 2031 nemori
430 1994 630 2043 imperitet,
662 2006 778 2042 quem
808 2001 888 2031 tota
917 2002 1090 2032 armenta
1119 1995 1342 2045 sequantur)
1358 2008 1368 2041 3

138 2052 189 2089 illi
217 2052 314 2090 inter
345 2065 429 2091 sese
459 2054 577 2091 multa
606 2054 641 2090 vi
670 2054 826 2091 vulnera
854 2054 1019 2091 miscent

139 2124 361 2161 cornuaque
391 2113 523 2150 obnixi
552 2114 715 2162 infigunt
745 2120 782 2151 et
812 2113 999 2162 sanguine
1028 2112 1134 2161 largo

139 2171 238 2209 colla
267 2184 472 2221 armosque
501 2173 650 2218 lavant;
690 2173 837 2222 gemitu
867 2184 1005 2209 nemus
1035 2184 1151 2210 omne
1181 2174 1367 2222 remugit:

138 2243 219 2269 non
248 2232 354 2269 aliter
383 2232 486 2270 Tros
515 2233 669 2271 Aeneas
698 2241 735 2270 et
764 2233 938 2270 Daunius
968 2232 1080 2270 heros

139 2298 375 2329 concurrunt
403 2292 561 2341 clipeis;
600 2294 736 2342 ingens
766 2292 894 2341 fragor
923 2292 1076 2329 aethera
1105 2293 1283 2342 complet.

138 2350 311 2400 Iuppiter
339 2352 421 2401 ipse
450 2352 544 2390 duas
574 2359 738 2401 aequato
768 2353 944 2389 examine
974 2352 1104 2389 lances

139 2412 300 2450 sustinet
329 2420 366 2450 et
395 2412 471 2450 fata
500 2413 663 2462 imponit
692 2413 837 2450 diversa
867 2413 1043 2458 duorum,

139 2482 256 2521 quem
286 2471 444 2510 damnet
471 2472 580 2511 labor
609 2479 645 2511 et
676 2485 753 2523 quo
783 2479 916 2520 vergat
946 2472 1119 2522 pondere
1147 2472 1275 2509 letum.

801 2556 870 2582 22

1449 101 1531 144 339

1467 267 1533 309 690

1471 1773 1530 1804 715
