1669 2737
548 509 1031 571 AENEIS.

494 694 744 735 LIBER
801 693 1091 736 NONUS.

102 820 241 862 ATQUE
269 831 316 856 ea
343 818 488 857 diversa
516 820 666 868 penitus
696 819 789 857 dum
817 826 924 868 parte
954 826 1144 868 geruntur,

102 878 194 915 Irim
223 879 271 915 de
299 878 406 916 caelo
433 879 535 916 misit
564 878 740 916 Saturnia
769 879 868 916 Iuno

102 937 285 974 audacem
314 937 364 974 ad
392 937 582 976 Turnum.
640 938 748 975 Luco
777 946 857 975 tum
887 938 981 976 forte
1010 938 1178 987 parentis

101 996 266 1033 Pilumni
295 996 452 1035 Turnus
481 1006 629 1035 sacrata
657 998 751 1035 valle
781 999 949 1035 sedebat.

101 1055 164 1093 Ad
191 1067 307 1104 quem
336 1056 390 1093 sic
417 1068 530 1094 roseo
560 1057 838 1094 Thaumantias
868 1069 933 1094 ore
962 1057 1090 1094 locuta
1120 1062 1201 1092 est:

103 1116 271 1162 ‘Turne,
301 1117 405 1166 quod
433 1118 579 1166 optanti
610 1118 739 1155 divum
766 1119 986 1167 promittere
1016 1128 1132 1153 nemo

102 1176 269 1223 auderet,
298 1177 484 1214 volvenda
512 1178 592 1215 dies
622 1190 670 1214 en
700 1178 820 1215 attulit
847 1178 958 1215 ultro.

102 1236 254 1274 Aeneas
283 1237 375 1274 urbe
404 1243 441 1274 et
470 1238 584 1275 sociis
613 1244 650 1274 et
679 1238 799 1275 classe
828 1238 956 1275 relicta

102 1304 252 1345 sceptra
279 1295 440 1334 Palatini
470 1297 679 1346 sedemque
710 1298 803 1346 petit
832 1297 1010 1334 Evandri.

101 1355 186 1393 Nec
215 1357 328 1394 satis:
368 1364 556 1394 extremas
586 1356 744 1405 Corythi
773 1358 983 1406 penetravit
1012 1357 1061 1394 ad
1090 1357 1204 1393 urbes
1454 1368 1491 1390 10

101 1416 372 1465 Lydorumque
401 1429 559 1453 manum
588 1416 770 1454 collectos
799 1425 918 1453 armat
949 1426 1126 1465 agrestes.

102 1475 207 1522 Quid
234 1476 407 1513 dubitas?
446 1488 548 1513 nunc
577 1484 728 1525 tempus
759 1488 889 1525 equos,
922 1489 1025 1514 nune
1054 1487 1215 1525 poscere
1246 1484 1387 1511 currus.

102 1535 255 1585 Rumpe
284 1548 413 1574 moras
443 1549 580 1573 omnes
611 1544 647 1573 et
675 1537 824 1573 turbata
854 1537 976 1584 arripe
1008 1534 1153 1573 castra.'

101 1595 219 1642 Dixit,
249 1603 287 1633 et
314 1597 354 1633 in
384 1596 531 1634 caelum
562 1596 716 1645 paribus
747 1608 787 1633 se
817 1595 965 1633 sustulit
993 1596 1062 1632 alis

102 1655 374 1704 ingentemque
403 1654 494 1704 fuga
524 1655 642 1692 secuit
671 1655 741 1692 sub
769 1655 936 1692 nubibus
966 1667 1108 1692 arcum.
1455 1667 1492 1697 15

102 1713 273 1762 Agnovit
298 1715 445 1751 iuvenis
475 1714 723 1763 duplicesque
752 1713 801 1750 ad
831 1713 953 1750 sidera
982 1713 1130 1762 palmas

56 1793 60 1795 -
103 1772 262 1818 sustulit,
291 1785 336 1810 ac
365 1773 429 1810 tali
457 1773 670 1821 fugientem
699 1780 755 1809 est
785 1784 878 1809 voce
908 1780 1085 1809 secutus:

105 1832 187 1878 ‘11·i‚
216 1832 333 1870 decus
362 1832 469 1878 caeli,
500 1833 584 1881 quis
613 1839 650 1869 te
679 1831 772 1868 mihi
801 1832 967 1868 nubibus
997 1839 1123 1868 actam

104 1892 236 1931 detulit
262 1893 302 1929 in
329 1893 472 1930 terras?
511 1893 614 1929 unde
643 1892 738 1929 haec
767 1900 846 1928 tam
876 1891 977 1929 clara
1004 1898 1161 1939 repente

103 1953 337 2001 tempestas?
375 1952 546 1989 medium
574 1951 685 1989 video
716 1951 912 1988 discedere
942 1950 1091 1987 caelum
1456 1964 1495 1985 20

103 2011 353 2061 palantesque
382 2011 473 2060 polo
504 2010 641 2048 stellas.
700 2009 850 2059 Sequor
880 2012 1012 2046 omina
1041 2016 1156 2052 tanta,

105 2072 276 2121 quisquis
303 2071 344 2108 in
371 2082 478 2108 arma
506 2069 645 2108 vocas.'
701 2069 751 2107 Et
781 2070 834 2107 sic
864 2070 1000 2107 effatus
1030 2070 1079 2106 ad
1108 2068 1252 2106 undam

105 2131 291 2182 processit
319 2142 549 2179 summoque
577 2130 702 2167 hausit
732 2129 779 2166 de
808 2130 958 2178 gurgite
987 2128 1177 2177 lymphas,

105 2190 225 2228 multa
254 2189 348 2227 deos
377 2201 502 2235 orans,
533 2190 782 2237 oneravitque
811 2187 965 2224 aethera
993 2188 1101 2225 votis.

159 2250 320 2298 Iamque
349 2250 476 2286 omnis
504 2250 650 2297 campis
679 2248 865 2285 exercitus
894 2247 971 2283 ibat
1000 2246 1152 2295 apertis,
1456 2262 1494 2292 25

106 2310 211 2347 dives
240 2321 396 2357 equum,
427 2308 531 2345 dives
559 2308 680 2356 pictai·
708 2307 821 2344 vestis
851 2314 888 2343 et
917 2306 996 2343 auri

108 2367 330 2418 (Messapus
358 2367 500 2415 primas
530 2367 643 2410 acies,
673 2373 870 2414 postrema
901 2372 1076 2402 coercent

107 2426 321 2478 Tyrrhidae
349 2426 517 2470 iuvenes,
547 2425 677 2462 medio
707 2424 784 2462 dux
814 2425 967 2472 agmine
998 2423 1182 2474 Turnus),
