1669 2737
542 91 707 126 LIBER
742 92 827 127 VII.
860 86 908 127 61
921 86 1070 128 1—688.

117 210 199 236 non
226 199 295 237 fuit
321 205 482 249 excepto
511 199 710 238 Laurentis
739 212 898 249 corpore
928 200 1072 238 Turni:

118 256 278 303 Lausus,
307 270 448 307 equum
477 258 642 295 domitor
669 254 951 308 debellatorque
980 258 1154 305 ferarum,

118 316 219 353 ducit
246 316 424 365 Agyllina
451 318 684 366 nequiquam
716 330 762 354 ex
791 317 883 354 urbe
914 323 1066 354 secutos

117 373 218 411 mille
246 375 356 420 viros,
385 375 534 424 dignus,
564 375 692 424 patriis
722 376 786 423 qui
816 375 948 412 laetior
977 382 1078 412 esset

117 433 283 482 imperiis
313 441 350 471 et
379 434 438 471 cui
466 440 572 482 pater
600 434 701 471 haud
731 433 945 471 Mezentius
975 442 1085 471 esset.

171 492 264 530 Post
291 492 363 530 hos
392 493 581 542 insignem
609 493 738 541 palma
765 505 832 541 per
859 494 1032 541 gramina
1061 505 1212 531 currum

117 551 353 601 victoresque
382 558 547 589 ostentat
575 564 697 600 equos
725 559 828 589 satus
859 552 1027 589 Hercule
1056 552 1217 601 pulchro

118 610 274 658 pulcher
300 611 524 655 Aventinus,
554 610 755 659 clipeoque
784 611 933 659 insigne
963 618 1165 659 paternum

118 676 270 705 centum
299 680 445 717 angues
475 671 715 718 cinctamque
744 670 841 718 gerit
869 670 1108 718 serpentibus
1138 669 1317 719 hyd1·a1n;

118 728 222 766 collis
250 728 429 765 Aventini
458 728 549 765 silva
578 741 694 778 quern
725 728 836 766 Rhea
867 729 1043 766 sacerdos

118 786 293 824 furtivum
321 794 429 836 partu
459 788 529 824 sub
556 787 709 825 luminis
738 787 855 824 edidit
885 800 982 833 oras,

118 846 236 883 mixta
264 846 338 883 deo
365 846 509 891 mulier,
539 852 747 895 postquam
777 846 980 883 Laurentia
1009 847 1128 884 victor

120 904 299 954 Geryone
328 905 514 942 exstincto
544 905 764 954 Tirynthius
793 906 913 954 attigit
942 917 1029 943 arva

119 964 395 1014 Tyrrhenoque
423 965 540 1001 boves
569 964 608 1000 in
637 964 793 1001 flumine
821 965 908 1001 lavit
937 963 1114 1001 Hiberas.

119 1023 199 1061 Pila
227 1035 345 1060 manu
373 1035 583 1072 saevosque
612 1030 747 1071 gerunt
776 1024 815 1060 in
844 1024 941 1060 bella
970 1024 1131 1061 dolones

120 1090 156 1120 et
182 1083 288 1120 tereti
316 1088 491 1131 pugnant
518 1094 702 1119 mucrone
731 1095 896 1131 veruque
928 1083 1090 1119 Sabello.

120 1141 210 1191 Ipse
238 1141 367 1190 pedes,
397 1148 578 1190 tegumen
606 1148 787 1189 torquens
817 1142 984 1177 immane
1014 1141 1147 1187 leonis,

120 1201 271 1238 terribili
298 1200 493 1249 impexum
523 1207 628 1237 saeta
656 1212 744 1237 cum
773 1200 950 1237 dentibus
979 1199 1074 1237 albis

120 1261 275 1298 indutus
303 1259 428 1307 capiti,
454 1259 509 1295 sic
538 1259 641 1307 regia
668 1266 768 1296 tecta
796 1260 947 1296 subibat

121 1319 306 1363 horridus,
337 1317 603 1366 Herculeoque
633 1329 786 1355 umeros
815 1318 977 1355 innexus
1008 1319 1160 1355 amictu.

177 1379 282 1416 Turn
309 1378 452 1427 gemini
482 1377 613 1414 fratres
642 1377 815 1414 Tiburtia
842 1379 996 1415 moenia
1024 1378 1209 1426 linquunt,

122 1438 241 1476 fratris
270 1437 420 1474 Tiburti
450 1436 589 1473 dictam
619 1437 850 1486 cognomine
880 1444 1046 1485 gentem,

124 1496 356 1546 Catillusque
384 1507 545 1544 acerque
576 1494 708 1542 Coras,
739 1496 880 1544 Argiva
908 1497 1090 1540 iuventus,

124 1563 161 1593 et
189 1556 351 1605 primam
381 1562 468 1591 ante
497 1554 618 1592 aciem
649 1555 767 1592 densa
797 1556 893 1591 inter
922 1555 995 1592 tela
1024 1555 1216 1592 feruntur:

124 1627 195 1652 ceu
222 1615 299 1652 duo
328 1614 546 1662 nubigenae
575 1625 662 1650 cum
692 1614 828 1651 vertice
857 1614 998 1650 montis
1028 1614 1076 1650 ab
1104 1613 1180 1650 alto

125 1673 360 1712 descendunt
389 1673 579 1718 Centauri,
610 1672 810 1710 Homolen
839 1672 1077 1722 Othrquue
1107 1673 1269 1710 nivalem

123 1734 336 1782 linquentes
365 1744 477 1770 eursu
504 1732 668 1781 rapid03
709 1732 774 1769 dat
802 1733 976 1769 euntibus
1005 1734 1141 1780 ingens

125 1793 217 1830 silva
245 1792 373 1830 locum
401 1798 438 1829 et
467 1803 609 1840 magno
640 1791 780 1828 cedunt
808 1791 969 1839 virgulta
998 1791 1158 1840 fragore.

179 1851 263 1897 Nec
292 1850 558 1888 Praenestinae
587 1849 763 1887 fundator
793 1849 910 1887 defuit
939 1850 1053 1895 urbis,

125 1910 302 1948 Vulcano
331 1910 502 1959 genitum
530 1921 671 1958 pecora
700 1909 797 1946 inter
825 1910 989 1957 agrestia
1018 1922 1149 1957 regem

126 1970 395 2018 inventumque
424 1967 518 2005 focis
547 1968 673 2005 omnis
701 1980 817 2017 quem
848 1969 1004 2005 credidit
1033 1976 1136 2005 aetas

127 2028 327 2066 Caeculus.
383 2027 502 2064 Hunc
530 2027 604 2064 late
633 2026 734 2075 legio
764 2027 966 2064 comitatur
995 2027 1177 2075 agrestis:

127 2087 267 2136 quique
295 2086 413 2124 altum
440 2085 644 2123 Praeneste
674 2086 740 2121 viri
769 2086 908 2134 quique
938 2097 1024 2122 arva
1055 2085 1228 2123 Gabinae

127 2146 287 2183 Iunonis
315 2145 558 2194 gelidumque
587 2145 777 2181 Anienem
806 2151 843 2181 et
871 2145 1023 2182 roscida
1050 2145 1136 2182 rivis

127 2204 299 2242 Hernica
327 2216 419 2241 saxa
447 2204 588 2249 colunt,
620 2215 717 2253 quos
747 2203 851 2240 dives
879 2203 1058 2251 Anagnia
1086 2203 1217 2252 pascit,

128 2276 236 2314 quos,
266 2263 459 2300 Amasene
486 2269 604 2312 pater.
663 2262 755 2299 Non
783 2262 852 2299 illis
882 2263 1060 2314 omnibus
1090 2274 1205 2308 arma,

127 2335 199 2360 nec
228 2322 339 2371 clipei
367 2334 542 2360 currusve
573 2330 734 2359 sonant:
774 2333 859 2370 pars
887 2321 1056 2357 maxima
1085 2320 1244 2370 glandes

118 2382 273 2419 'liventis
301 2380 445 2430 plumbi
475 2381 626 2429 spargit,
656 2392 743 2429 pars
774 2379 917 2429 spicula
945 2386 1068 2428 gestat

126 2442 218 2478 bina
244 2452 371 2485 manu,
402 2439 597 2490 fulvosque
627 2439 706 2489 lupi
736 2439 781 2476 de
811 2439 908 2488 pelle
937 2439 1084 2488 galeros

773 2520 846 2552 Q2

1418 97 1497 140 227

1436 206 1499 247 650

1437 794 1498 824 660

1436 1089 1496 1129 665

1437 1383 1500 1423 670

1443 1975 1505 2006 680

1441 2270 1501 2310 685
