1669 2737
151 64 232 106 292
727 59 950 94 AENEJS.

151 166 333 205 Sternitur
361 166 490 205 infelix
520 167 650 205 Acron
680 174 716 205 et
744 167 911 206 calcibus
940 174 1060 206 atram
1474 183 1535 216 730

148 226 272 265 tundit
301 228 461 265 humum
490 229 687 277 exspirans
716 228 953 278 infractaque
982 229 1056 266 tela
1085 235 1267 266 cruentat.

149 285 276 334 Atque
303 286 406 323 idem
435 286 645 335 fugientem
674 287 776 325 haud
806 295 862 325 est
891 288 1072 336 dignatus
1102 287 1262 325 Oroden

150 351 318 382 sternere
346 357 418 382 nec
447 346 545 383 iacta
573 358 731 384 caecum
761 346 851 384 dare
880 347 1039 395 cuspide
1069 345 1227 383 vulnus:

150 405 283 442 obvius
313 405 548 454 adversoque
578 407 740 443 occurrit
771 418 887 455 seque
916 407 994 443 viro
1024 406 1076 442 vir

150 464 318 511 contulit,
348 464 450 501 haud
480 464 579 502 furto
610 465 753 511 melior,
785 466 852 503 sed
882 466 1042 503 fortibus
1071 466 1198 503 armis.
1475 478 1534 512 735

150 523 255 560 Tum
285 535 397 572 super
426 525 615 561 abiectum
646 526 772 573 posito
802 525 901 574 pede
930 525 1040 562 nixus
1070 533 1106 562 et
1135 525 1269 562 hasta:

151 583 265 620 ‘Pars
294 583 382 620 belli
412 583 512 620 haud
542 585 760 628 temnenda,
791 585 869 628 viri,
899 585 996 621 iacet
1025 584 1121 621 altus
1152 583 1327 622 Orodes.’

151 641 406 680 Conclamant
435 643 527 679 socii
556 643 697 680 laetum
727 655 876 692 paeana
905 644 1035 680 secuti.

150 701 218 738 Ille
246 708 374 738 autern
403 702 601 749 exspirans
634 702 748 739 ‘Non
777 715 850 748 rne,
881 704 1113 752 quicumque
1144 715 1196 748 es,
1227 703 1357 747 inulto,

151 761 278 806 victor,
309 772 380 798 nec
410 760 568 807 longum
599 761 809 798 laetabere:
848 768 884 798 te
914 774 1070 811 quoque
1100 762 1176 799 fata
1475 774 1536 808 740

150 826 395 869 prospectant
423 820 529 869 paria
559 828 671 870 atque
700 820 836 858 eadem
867 833 958 858 mox
989 834 1076 859 arva
1105 822 1273 859 tenebis?

150 880 212 917 Ad
241 892 338 929 quae
369 880 569 917 subridens
597 881 717 917 mixta
747 880 962 918 Mezentius
992 880 1056 926 ira,

151 938 288 976 ‘Nunc
318 951 478 976 morere.
536 939 608 976 Ast
638 940 685 976 de
714 951 776 976 me
807 939 935 976 divum
965 946 1072 988 pater
1101 946 1215 989 atque
1241 940 1442 977 hominum
1469 952 1534 977 rex

149 997 301 1035 viderit!
361 997 452 1035 Hoc
482 997 614 1035 dicens
644 998 773 1035 eduxit
803 1010 964 1047 corpore
994 998 1133 1035 telum:

150 1057 213 1094 olli
242 1057 335 1095 dura
364 1058 471 1107 quies
502 1058 636 1094 oculos
666 1064 702 1094 et
732 1057 874 1095 ferreus
902 1065 1011 1106 urget
1474 1071 1532 1104 745

150 1128 320 1161 somnus,
351 1117 389 1153 in
418 1122 611 1153 aeternam
642 1116 869 1154 clauduntur
898 1117 1043 1154 lumina
1071 1125 1237 1154 noctem.

204 1176 391 1214 Caedicus
421 1175 654 1213 Alcathoum
683 1176 895 1221 obtruncat,
929 1175 1104 1213 Sacrator
1134 1175 1347 1225 Hydaspen

150 1235 471 1283 Partheniumque
502 1234 615 1283 Rapo
645 1241 681 1271 et
708 1234 939 1283 praedurum
968 1235 1106 1272 viribus
1138 1234 1274 1279 Orsen,

150 1294 352 1343 Messapus
383 1294 647 1342 Croniumque
678 1294 995 1342 Lucaoniumque
1024 1293 1263 1338 Erichaeten,

148 1353 253 1391 illum
282 1353 437 1391 infrenis
468 1354 555 1402 equi
585 1354 695 1403 lapsu
725 1353 854 1390 tellure
884 1353 1084 1397 iacentem,
1473 1369 1535 1400 750

149 1413 250 1450 hunc
278 1413 445 1462 peditem
475 1413 604 1461 pedes.
663 1412 713 1450 Et
743 1412 882 1461 Lycius
911 1419 1150 1461 processerat
1178 1413 1285 1461 Agis,

149 1484 264 1521 quem
292 1479 420 1509 tamen
450 1472 553 1509 haud
583 1484 719 1522 expers
748 1472 907 1510 Valerus
936 1472 1079 1509 virtutis
1108 1472 1228 1509 avitae

149 1532 296 1575 deiicit;
335 1538 373 1568 at
402 1531 619 1568 Thronium
651 1532 773 1569 Salius
805 1531 1025 1581 Saliumque
1056 1530 1218 1568 Nealces

148 1591 304 1637 insidiis,
335 1590 459 1628 iaculo
490 1597 526 1627 et
554 1591 670 1639 longe
701 1591 852 1628 fallente
883 1592 1030 1639 sagitta.

201 1650 285 1686 Iam
313 1651 437 1699 gravis
467 1651 655 1698 aequabat
684 1650 805 1687 luctus
835 1656 871 1686 et
900 1657 1031 1687 mutua
1060 1648 1215 1687 Mavors
1474 1664 1532 1697 755

149 1708 300 1746 funera:
341 1708 554 1746 caedebant
584 1709 722 1758 pariter
751 1709 966 1757 pariterque
994 1709 1155 1745 ruebant

147 1768 308 1805 victores
338 1768 511 1816 victique,
542 1780 666 1816 neque
697 1767 756 1804 his
786 1767 876 1815 fuga
905 1773 997 1804 nota
1026 1779 1151 1816 neque
1181 1766 1261 1804 illis.

147 1825 197 1863 Di
226 1826 327 1864 Iovis
357 1827 395 1863 in
425 1827 532 1863 tectis
561 1827 656 1863 iram
685 1827 913 1864 miserantur
944 1827 1098 1862 inanem

147 1887 348 1923 amborum
378 1894 414 1923 et
443 1893 569 1924 tantos
599 1886 822 1923 mortalibus
852 1897 936 1923 esse
965 1885 1135 1922 labores:

146 1945 235 1983 hinc
265 1946 408 1990 Venus,
440 1946 527 1982 hinc
558 1953 690 1982 contra
719 1950 864 1994 spectat
895 1945 1069 1982 Saturnia
1098 1944 1208 1988 Iuno,
1473 1951 1533 1992 760

145 2005 284 2053 pallida
313 2005 528 2054 Tisiphone
558 2005 685 2041 media
713 2005 810 2041 inter
838 2004 956 2040 millia
985 2004 1110 2040 saevit.

146 2065 197 2100 At
225 2076 314 2101 vero
343 2065 540 2111 ingentem
570 2065 744 2112 quatiens
775 2063 988 2100 Mezentius
1017 2061 1164 2099 hastam

146 2123 315 2160 turbidus
345 2123 551 2171 ingreditur
581 2135 733 2171 campo.
791 2122 920 2168 Quam
949 2133 1113 2170 magnus
1144 2121 1278 2166 Orion,

147 2194 234 2219 cum
264 2182 381 2231 pedes
410 2182 551 2219 incedit
580 2182 694 2219 medii
723 2194 791 2231 per
818 2182 987 2219 maxima
1016 2180 1129 2217 Nerei

147 2247 284 2290 stagna
311 2242 411 2278 viam
441 2241 628 2285 scindens,
660 2252 793 2278 umero
824 2240 1078 2289 supereminet
1107 2238 1240 2282 undas,
1470 2245 1528 2286 765

147 2308 212 2336 aut
240 2300 399 2337 summis
429 2299 595 2337 referens
625 2311 813 2336 annosam
842 2299 1038 2336 montibus
1067 2308 1206 2333 ornum

147 2358 431 2408 ingrediturque
461 2358 543 2395 solo
572 2365 609 2394 et
639 2364 753 2406 caput
781 2358 880 2394 inter
908 2355 1038 2392 nubila
1067 2354 1218 2392 condit:

147 2417 231 2454 talis
259 2428 300 2454 se
328 2417 442 2454 vastis
472 2416 582 2453 infert
612 2416 826 2453 Mezentius
855 2415 981 2453 armis.
