1669 2737
143 93 224 132 242
709 85 940 121 AENEJS.

142 203 179 232 et
208 196 344 232 durum
374 194 527 232 Aeneae
557 193 745 231 flevissem
775 206 891 243 saepe
920 193 1106 231 laborem.

142 255 257 291 Nunc
286 254 386 291 Iovis
415 254 581 302 imperiis
612 252 840 290 Rutulorum
871 253 1038 291 constitit
1067 253 1166 289 oris:

143 325 235 362 ergo
264 313 398 350 eadem
428 312 587 361 supplex
616 312 727 349 venio
757 319 794 349 et
824 319 997 359 sanctum
1026 311 1119 348 mihi
1148 323 1292 348 numen

143 385 248 411 arma
276 384 372 421 rogo
401 373 572 421 genetrix
601 378 701 408 nato.
760 371 819 408 Te
851 372 924 408 filia
954 371 1079 416 Nerei,

143 440 178 470 te
207 433 329 481 potuit
357 431 519 469 lacrimis
549 430 732 467 Tithonia
760 430 910 467 flectere
939 431 1118 467 coniunx.

142 493 284 540 Aspice
314 491 377 539 qui
407 497 543 528 coeant
571 490 713 539 populi,
744 501 841 539 quae
870 489 1022 526 moenia
1050 489 1189 526 clausis

144 552 281 587 ferrum
310 556 448 587 acuant
476 549 594 597 portis
622 549 661 585 in
691 561 752 585 me
782 548 1048 596 excidiumque
1078 546 1278 585 meorum?

144 610 300 647 Dixerat
328 616 364 646 et
393 609 512 644 niveis
541 608 628 644 hinc
658 614 771 655 atque
801 607 888 644 hinc
918 607 1003 644 diva
1031 607 1180 644 lacertis

144 676 384 707 cunctantem
412 667 591 716 amplexu
619 666 724 703 molli
753 666 866 703 fovet.
923 666 990 704 Ille
1019 673 1176 715 repente

144 729 291 778 accepit
320 728 468 765 solitam
497 726 702 770 flammam,
734 733 923 774 notusque
953 726 1138 763 medullas

143 788 291 825 intravit
319 787 421 824 calor
450 793 486 822 et
514 784 697 822 labesacta
725 797 792 832 per
820 797 908 822 ossa
933 785 1121 822 cucurrit:

143 859 222 884 non
253 858 362 884 secus
390 853 503 894 atque
532 845 621 881 olim
652 844 791 881 tonitru
823 856 911 880 cum
941 851 1051 892 rupta
1080 855 1241 881 corusco

143 909 256 956 ignea
283 906 378 942 rima
406 905 552 941 micans
581 903 763 952 percurrit
790 902 933 939 lumine
962 904 1128 940 nimbos.

145 966 270 1002 Sensit
298 965 394 1001 laeta
424 963 520 1000 dolis
550 969 587 1000 et
616 963 760 1000 formae
790 962 945 999 conscia
973 963 1152 999 coniunx.

143 1025 246 1061 Tum
276 1031 381 1072 pater
409 1030 564 1059 aeterno
595 1021 691 1058 fatur
721 1021 916 1058 devinctus
946 1033 1098 1058 amore:

145 1083 271 1130 ‘Quid
300 1095 433 1120 causas
463 1082 557 1130 petis
587 1093 633 1119 ex
664 1081 767 1117 alto?
805 1080 943 1117 fiducia
973 1081 1084 1117 cessit

143 1155 220 1192 quo
249 1142 325 1187 tibi,
355 1142 450 1185 diva,
481 1142 580 1177 mei?
620 1139 750 1178 similis
780 1140 809 1176 si
840 1151 929 1176 cura
959 1139 1098 1184 fuisset,

142 1211 222 1239 tum
252 1213 405 1250 quoque
434 1201 490 1237 fas
519 1200 631 1236 nobis
661 1199 834 1236 Teucros
864 1210 1008 1235 armare
1038 1198 1192 1236 fuisset:

142 1275 214 1299 nec
243 1261 352 1298 Pater
383 1260 628 1308 omnipotens
658 1259 818 1295 Troiam
849 1270 920 1294 nec
950 1256 1026 1294 fata
1054 1259 1231 1294 vetabant

143 1329 242 1359 stare
271 1320 482 1368 decemque
512 1318 605 1354 alios
636 1317 827 1354 Priamum
858 1329 1054 1365 superesse
1084 1329 1149 1365 per
1178 1328 1312 1353 annos.

142 1382 191 1418 Et
220 1392 332 1424 nunc,
363 1380 393 1416 si
422 1378 557 1415 bellare
588 1389 699 1425 paras
729 1384 842 1424 atque
872 1375 965 1412 haec
994 1376 1060 1412 tibi
1088 1387 1198 1413 mens
1227 1383 1294 1420 est,

143 1440 327 1489 quidquid
355 1439 393 1475 in
422 1445 499 1475 arte
528 1449 614 1472 mea
643 1447 802 1484 possum
834 1436 1054 1483 promittere
1084 1446 1208 1478 curae,

142 1499 247 1548 quod
276 1498 354 1535 fieri
382 1498 481 1534 ferro
510 1495 701 1544 liquidove
731 1502 856 1543 potest
885 1494 1033 1539 electro,

143 1564 328 1606 quantum
358 1557 466 1605 ignes
495 1556 721 1602 animaeque
751 1553 888 1597 valent,
919 1553 1056 1589 absiste
1086 1553 1279 1602 precando

142 1618 282 1653 viribus
310 1616 521 1652 indubitare
550 1612 648 1650 tuis:
706 1612 764 1648 Ea
792 1613 906 1648 verba
935 1612 1085 1649 locutus

142 1683 294 1725 optatos
323 1675 426 1711 dedit
454 1673 651 1722 amplexus
681 1671 949 1720 placidumque
979 1672 1107 1719 petivit

142 1735 316 1783 coniugis
344 1733 490 1770 infusus
519 1732 665 1781 gremio
696 1742 762 1778 per
791 1731 964 1767 membra
993 1742 1184 1779 soporem.

195 1795 291 1832 Inde
319 1794 383 1830 ubi
411 1793 532 1841 prima
561 1791 668 1839 quies
697 1789 826 1826 medio
855 1790 930 1825 iam
960 1788 1094 1826 Noctis
1124 1790 1280 1826 abactae

141 1853 327 1893 curriculo
356 1851 551 1901 expulerat
579 1860 770 1892 somnum,
802 1860 889 1884 curn
920 1847 1061 1884 femina
1090 1849 1268 1897 primum,

141 1914 201 1951 cui
230 1912 387 1949 tolerare
417 1910 503 1947 colo
534 1909 645 1945 vitam
675 1907 854 1956 tenuique
884 1906 1057 1943 Minerva

139 1972 371 2020 impositum,
402 1969 565 2006 cinerem
595 1975 631 2004 et
661 1966 806 2014 sopitos
836 1965 989 2003 suscitat
1018 1966 1138 2013 ignes,

140 2038 293 2068 noctem
323 2028 467 2065 addens
495 2027 611 2075 operi,
644 2025 879 2073 famulasque
908 2024 957 2060 ad
985 2024 1128 2061 lumina
1156 2025 1274 2072 longo

140 2096 290 2127 exercet
317 2099 451 2136 penso,
483 2093 629 2123 castum
657 2090 698 2120 ut
727 2095 874 2120 servare
903 2082 1025 2120 cubile

140 2148 312 2196 coniugis
342 2153 378 2183 et
407 2145 526 2194 possit
554 2155 692 2193 parvos
720 2143 880 2179 educere
910 2149 1043 2178 natos:

139 2207 241 2244 haud
270 2217 378 2242 secus
409 2204 633 2253 Ignipotens
662 2214 734 2239 nec
763 2209 934 2249 tempore
963 2200 1116 2248 segnior
1146 2199 1209 2236 illo

139 2265 316 2303 mollibus
346 2276 366 2300 e
395 2264 516 2300 stratis
545 2274 662 2310 opera
690 2261 739 2297 ad
767 2260 910 2297 fabrilia
938 2259 1066 2307 surgit.

140 2324 268 2362 Insula
298 2322 489 2360 Sicanium
518 2322 622 2357 iuxta
651 2320 746 2356 latus
775 2318 1026 2366 Aeoliamque

141 2383 291 2432 erigitur
319 2382 493 2430 Liparen,
525 2379 757 2417 fumantibus
786 2378 903 2414 ardua
932 2376 1043 2421 saxis,

141 2454 257 2491 quam
284 2442 412 2479 subter
439 2451 576 2490 specus
605 2446 642 2476 et
671 2437 884 2487 Cyclopum
913 2447 1026 2472 exesa
1056 2434 1213 2472 caminis

1460 199 1525 239 380

1462 494 1522 534 385

1461 798 1526 830 390

1459 1093 1521 1125 395

1457 1389 1522 1418 4εο

1455 1686 1518 1716 405

1455 1980 1519 2009 410

1454 2272 1514 2304 415
