1669 2737
185 81 238 121 68
741 87 1029 125 GEORGICA.

185 203 366 235 contenta
395 196 538 234 cervice
569 195 720 234 trahunt
749 195 947 234 stridentia
976 197 1155 245 plaustra.

187 257 278 294 Non
306 256 417 306 lupus
446 256 602 293 insidias
631 256 804 305 explorat
833 257 946 293 ovilia
975 257 1116 294 circum

186 330 258 354 nec
286 317 467 366 gregibus
497 325 709 354 nocturnus
738 316 984 354 obambulat:
1023 316 1146 353 acrior
1175 316 1277 353 illum

187 389 277 414 cura
306 376 461 422 domat;
502 376 623 412 timidi
652 376 830 412 dammae
861 376 1037 425 cervique
1067 375 1224 424 fugaces

187 448 290 473 nunc
320 436 494 483 interque
525 447 641 472 canes
670 442 707 472 et
736 435 879 472 circum
908 442 1007 472 tecta
1035 442 1232 483 vagantur.

188 497 271 534 Iam
299 497 415 533 maris
444 495 623 543 immensi
652 495 801 544 prolem
831 502 868 532 et
897 507 1021 544 genus
1050 507 1167 532 omne
1196 502 1397 532 natantum

188 556 294 593 litore
322 556 362 592 in
391 562 566 592 extremo
595 567 667 592 ceu
696 554 882 603 naufraga
911 567 1074 604 corpora
1103 554 1240 591 fluctus

188 615 350 664 proluit;
390 615 563 651 insolitae
594 614 745 662 fugiunt
774 614 813 650 in
842 614 1000 651 fiumina
1029 614 1190 662 phocae.

189 675 319 712 Interit
349 681 384 711 et
414 674 536 710 curvis
566 672 703 710 frustra
733 672 892 710 defensa
920 673 1074 710 latebris

189 735 315 783 vipera
343 740 381 770 et
410 733 557 770 attoniti
588 733 758 782 squamis
788 732 999 770 astantibus
1028 731 1149 780 hydri.

188 793 288 842 Ipsis
318 799 374 830 est
403 796 467 829 ae'r
495 793 627 829 avibus
656 804 736 829 non
766 804 920 841 aequus,
952 797 989 828 et
1019 791 1103 828 illae

188 852 415 900 praecipites
445 850 520 888 alta
550 851 663 888 vitam
694 851 765 888 sub
795 852 896 887 nube
926 851 1158 899 relinquunt.

189 913 391 949 Praeterea
420 912 496 948 iam
526 922 598 948 nec
628 911 766 947 mutari
796 911 938 960 pabula
966 910 1092 955 refert,

189 972 459 1021 quaesitaeque
490 977 632 1008 nocent
660 977 783 1016 artes;
827 982 978 1007 cessere
1007 969 1179 1018 magistri

190 1030 413 1080 Phillyrides
443 1029 590 1067 Chiron
619 1029 978 1078 Amythaoniusque
1008 1029 1240 1078 Melampus.

191 1091 317 1128 Saevit
345 1097 383 1126 et
412 1090 451 1125 in
479 1089 605 1126 lucem
637 1088 776 1137 Stygiis
806 1089 946 1126 emissa
974 1089 1140 1126 tenebris

189 1150 329 1200 pallida
358 1148 573 1198 Tisiphone
605 1148 767 1185 Morbos
797 1148 875 1196 agit
904 1154 992 1184 ante
1023 1147 1263 1195 Metumque,

189 1212 305 1258 inque
334 1209 416 1246 dies
446 1208 598 1245 avidum
628 1219 788 1255 surgens
818 1214 933 1255 caput
961 1206 1072 1244 altius
1101 1206 1223 1243 effert.

190 1269 326 1306 Balatu
353 1278 538 1316 pecorum
567 1273 604 1304 et
634 1266 774 1303 crebris
802 1266 1011 1315 mugitibus
1040 1277 1174 1302 amnes

189 1336 414 1376 arentesque
445 1332 584 1363 sonant
613 1326 716 1374 ripae
747 1325 939 1374 collesque
969 1325 1107 1374 supini.

190 1388 350 1436 Iamque
381 1386 599 1423 catervatim
629 1384 694 1421 dat
723 1391 890 1433 stragem
919 1391 1033 1433 atque
1063 1390 1221 1432 aggerat
1252 1383 1344 1432 ipsis

189 1448 228 1484 in
258 1445 414 1483 stabulis
443 1444 542 1493 turpi
572 1444 720 1493 dilapsa
749 1443 934 1481 cadavera
963 1444 1065 1487 tabo,

190 1507 317 1543 donec
345 1505 465 1541 humo
495 1510 622 1552 tegere
651 1515 696 1541 ac
725 1503 844 1541 foveis
874 1502 1114 1540 abscondere
1144 1501 1309 1538 discunt.

191 1565 295 1602 Nam
324 1575 450 1613 neque
480 1570 560 1600 erat
588 1563 701 1600 coriis
730 1574 833 1608 usus,
864 1574 937 1599 nec
965 1562 1110 1599 viscera
1139 1561 1344 1609 quisquam

192 1632 255 1662 aut
282 1624 396 1661 undis
425 1622 579 1660 abolere
608 1628 736 1670 potest
765 1628 830 1658 aut
859 1622 1010 1658 vincere
1040 1621 1220 1666 flamma;

192 1685 254 1723 Ne
283 1683 443 1722 tondere
472 1681 628 1731 quidem
656 1681 794 1718 morbo
824 1681 1025 1730 illuvieque
1055 1691 1191 1728 peresa

192 1744 330 1782 vellera
357 1754 430 1779 nec
459 1741 553 1778 telas
582 1746 747 1789 possunt
777 1740 962 1788 attingere
991 1747 1143 1788 putres;

193 1815 325 1842 verum
354 1802 468 1838 etiam
497 1800 638 1836 invisos
667 1799 699 1836 si
727 1799 813 1847 quis
842 1804 1044 1848 temptaret
1072 1797 1244 1841 amictus,

195 1863 370 1900 ardentes
398 1859 564 1909 papulae
593 1865 709 1907 atque
738 1857 959 1895 immundus
989 1857 1130 1894 olentia
1159 1856 1276 1893 sudor

194 1922 370 1959 membra
399 1919 638 1968 sequebatur,
668 1929 741 1955 nec
770 1917 891 1965 longo
922 1916 1059 1953 deinde
1089 1916 1254 1952 moranti

197 1990 369 2031 tempore
398 1986 597 2018 contactos
626 1984 728 2016 artus
757 1989 862 2016 sacer
890 1977 988 2026 ignis
1018 1975 1166 2013 edebat.

1518 744 1580 776 545

1519 1040 1582 1072 550

1521 1624 1585 1666 560
