<?xml version="1.0" encoding="UTF-8"?>
<!DOCTYPE html PUBLIC "-//W3C//DTD XHTML 1.0 Transitional//EN"
    "http://www.w3.org/TR/xhtml1/DTD/xhtml1-transitional.dtd">
<html xmlns="http://www.w3.org/1999/xhtml" xml:lang="en" lang="en">
 <head>
  <title>
</title>
<meta http-equiv="Content-Type" content="text/html;charset=utf-8" />
  <meta name='ocr-system' content='tesseract 3.04.00' />
  <meta name='ocr-capabilities' content='ocr_page ocr_carea ocr_par ocr_line ocrx_word'/>
</head>
<body>
  <div class='ocr_page' id='page_1' title='image "./operavirgilwithi01virguoft_0266.png"; bbox 0 0 1669 2737; ppageno 0'>
   <div class='ocr_carea' id='block_1_1' title="bbox 113 69 910 134">
    <p class='ocr_par' dir='ltr' id='par_1_1' title="bbox 113 69 910 134">
     <span class='ocr_line' id='line_1_1' title="bbox 113 69 910 134; baseline 0.005 -15"><span class='ocrx_word' id='word_1_1' title='bbox 113 79 190 134; x_wconf 88' lang='lat'>198</span> <span class='ocrx_word' id='word_1_2' title='bbox 512 69 515 73; x_wconf 52' lang='lat'><strong>⁴</strong></span> <span class='ocrx_word' id='word_1_3' title='bbox 566 119 569 121; x_wconf 85' lang='grc'><strong>,</strong></span> <span class='ocrx_word' id='word_1_4' title='bbox 686 86 910 123; x_wconf 78' lang='lat' dir='ltr'><em>AENEJS.</em></span> 
     </span>
    </p>
   </div>
   <div class='ocr_carea' id='block_1_2' title="bbox 107 195 1296 661">
    <p class='ocr_par' dir='ltr' id='par_1_2' title="bbox 107 195 1124 244">
     <span class='ocr_line' id='line_1_2' title="bbox 107 195 1124 244; baseline 0.001 -12"><span class='ocrx_word' id='word_1_5' title='bbox 107 195 268 233; x_wconf 86' lang='lat' dir='ltr'>Funeris</span> <span class='ocrx_word' id='word_1_6' title='bbox 297 195 371 234; x_wconf 92' lang='lat' dir='ltr'>heu</span> <span class='ocrx_word' id='word_1_7' title='bbox 401 197 467 234; x_wconf 89' lang='lat' dir='ltr'>tibi</span> <span class='ocrx_word' id='word_1_8' title='bbox 497 208 611 244; x_wconf 79' lang='lat' dir='ltr'>causa</span> <span class='ocrx_word' id='word_1_9' title='bbox 640 195 719 233; x_wconf 86' lang='lat' dir='ltr'>fui?</span> <span class='ocrx_word' id='word_1_10' title='bbox 777 196 848 234; x_wconf 91' lang='lat' dir='ltr'>Per</span> <span class='ocrx_word' id='word_1_11' title='bbox 877 196 1001 234; x_wconf 89' lang='lat' dir='ltr'>sidera</span> <span class='ocrx_word' id='word_1_12' title='bbox 1029 196 1124 242; x_wconf 86' lang='lat' dir='ltr'>iuro,</span> 
     </span>
    </p>

    <p class='ocr_par' dir='ltr' id='par_1_3' title="bbox 108 256 1176 363">
     <span class='ocr_line' id='line_1_3' title="bbox 108 256 1176 305; baseline 0.001 -13"><span class='ocrx_word' id='word_1_13' title='bbox 108 266 176 303; x_wconf 88' lang='lat' dir='ltr'>per</span> <span class='ocrx_word' id='word_1_14' title='bbox 203 267 361 304; x_wconf 85' lang='lat' dir='ltr'>superos</span> <span class='ocrx_word' id='word_1_15' title='bbox 391 263 428 292; x_wconf 88' lang='lat' dir='ltr'>et</span> <span class='ocrx_word' id='word_1_16' title='bbox 454 257 485 293; x_wconf 89' lang='lat' dir='ltr'>si</span> <span class='ocrx_word' id='word_1_17' title='bbox 514 268 591 305; x_wconf 81' lang='lat' dir='ltr'>qua</span> <span class='ocrx_word' id='word_1_18' title='bbox 619 256 713 294; x_wconf 90' lang='lat' dir='ltr'>fides</span> <span class='ocrx_word' id='word_1_19' title='bbox 742 256 872 293; x_wconf 90' lang='lat' dir='ltr'>tellure</span> <span class='ocrx_word' id='word_1_20' title='bbox 902 256 973 294; x_wconf 89' lang='lat' dir='ltr'>sub</span> <span class='ocrx_word' id='word_1_21' title='bbox 1002 256 1079 293; x_wconf 91' lang='lat' dir='ltr'>ima</span> <span class='ocrx_word' id='word_1_22' title='bbox 1108 262 1176 300; x_wconf 89' lang='lat' dir='ltr'>est,</span> 
     </span>
     <span class='ocr_line' id='line_1_4' title="bbox 108 315 875 363; baseline 0.004 -13"><span class='ocrx_word' id='word_1_23' title='bbox 108 315 255 360; x_wconf 84' lang='lat' dir='ltr'>invitus,</span> <span class='ocrx_word' id='word_1_24' title='bbox 284 316 426 363; x_wconf 88' lang='lat' dir='ltr'>regina,</span> <span class='ocrx_word' id='word_1_25' title='bbox 457 323 522 353; x_wconf 92' lang='lat' dir='ltr'>tuo</span> <span class='ocrx_word' id='word_1_26' title='bbox 552 316 600 353; x_wconf 91' lang='lat' dir='ltr'>de</span> <span class='ocrx_word' id='word_1_27' title='bbox 628 315 736 352; x_wconf 89' lang='lat' dir='ltr'>litore</span> <span class='ocrx_word' id='word_1_28' title='bbox 765 316 875 353; x_wconf 84' lang='lat' dir='ltr'>cessi.</span> 
     </span>
    </p>

    <p class='ocr_par' dir='ltr' id='par_1_4' title="bbox 108 373 1296 543">
     <span class='ocr_line' id='line_1_5' title="bbox 110 373 1296 424; baseline -0.001 -13"><span class='ocrx_word' id='word_1_29' title='bbox 110 373 186 411; x_wconf 90' lang='lat' dir='ltr'>Sed</span> <span class='ocrx_word' id='word_1_30' title='bbox 214 387 276 411; x_wconf 88' lang='lat' dir='ltr'>me</span> <span class='ocrx_word' id='word_1_31' title='bbox 303 375 406 412; x_wconf 89' lang='lat' dir='ltr'>iussa</span> <span class='ocrx_word' id='word_1_32' title='bbox 435 375 561 420; x_wconf 92' lang='lat' dir='ltr'>deum,</span> <span class='ocrx_word' id='word_1_33' title='bbox 592 387 690 424; x_wconf 91' lang='lat' dir='ltr'>quae</span> <span class='ocrx_word' id='word_1_34' title='bbox 721 387 824 413; x_wconf 91' lang='lat' dir='ltr'>nunc</span> <span class='ocrx_word' id='word_1_35' title='bbox 853 375 920 413; x_wconf 86' lang='lat' dir='ltr'>has</span> <span class='ocrx_word' id='word_1_36' title='bbox 950 376 1003 412; x_wconf 91' lang='lat' dir='ltr'>ire</span> <span class='ocrx_word' id='word_1_37' title='bbox 1033 387 1101 423; x_wconf 91' lang='lat' dir='ltr'>per</span> <span class='ocrx_word' id='word_1_38' title='bbox 1129 374 1296 418; x_wconf 91' lang='lat' dir='ltr'>umbras,</span> 
     </span>
     <span class='ocr_line' id='line_1_6' title="bbox 108 434 1236 484; baseline 0 -14"><span class='ocrx_word' id='word_1_39' title='bbox 108 445 175 482; x_wconf 90' lang='lat' dir='ltr'>per</span> <span class='ocrx_word' id='word_1_40' title='bbox 202 434 289 470; x_wconf 91' lang='lat' dir='ltr'>loca</span> <span class='ocrx_word' id='word_1_41' title='bbox 317 440 425 471; x_wconf 90' lang='lat' dir='ltr'>senta</span> <span class='ocrx_word' id='word_1_42' title='bbox 454 434 526 471; x_wconf 90' lang='lat' dir='ltr'>situ</span> <span class='ocrx_word' id='word_1_43' title='bbox 556 441 700 482; x_wconf 89' lang='lat' dir='ltr'>cogunt</span> <span class='ocrx_word' id='word_1_44' title='bbox 728 442 960 484; x_wconf 87' lang='lat' dir='ltr'>noctemque</span> <span class='ocrx_word' id='word_1_45' title='bbox 988 434 1236 483; x_wconf 82' lang='lat' dir='ltr'>profundam,</span> 
     </span>
     <span class='ocr_line' id='line_1_7' title="bbox 108 493 969 543; baseline 0 -14"><span class='ocrx_word' id='word_1_46' title='bbox 108 493 275 542; x_wconf 88' lang='lat' dir='ltr'>imperiis</span> <span class='ocrx_word' id='word_1_47' title='bbox 305 506 416 542; x_wconf 84' lang='lat' dir='ltr'>egere</span> <span class='ocrx_word' id='word_1_48' title='bbox 447 494 547 539; x_wconf 82' lang='lat' dir='ltr'>suis3</span> <span class='ocrx_word' id='word_1_49' title='bbox 586 505 656 530; x_wconf 91' lang='lat' dir='ltr'>nec</span> <span class='ocrx_word' id='word_1_50' title='bbox 686 493 839 531; x_wconf 88' lang='lat' dir='ltr'>credere</span> <span class='ocrx_word' id='word_1_51' title='bbox 868 495 969 543; x_wconf 88' lang='lat' dir='ltr'>quivi</span> 
     </span>
    </p>

    <p class='ocr_par' dir='ltr' id='par_1_5' title="bbox 107 552 1114 601">
     <span class='ocr_line' id='line_1_8' title="bbox 107 552 1114 601; baseline 0.001 -13"><span class='ocrx_word' id='word_1_52' title='bbox 107 552 210 590; x_wconf 88' lang='lat' dir='ltr'>hune</span> <span class='ocrx_word' id='word_1_53' title='bbox 237 559 384 589; x_wconf 89' lang='lat' dir='ltr'>tanturn</span> <span class='ocrx_word' id='word_1_54' title='bbox 414 553 480 589; x_wconf 89' lang='lat' dir='ltr'>tibi</span> <span class='ocrx_word' id='word_1_55' title='bbox 507 565 570 590; x_wconf 90' lang='lat' dir='ltr'>me</span> <span class='ocrx_word' id='word_1_56' title='bbox 600 553 771 590; x_wconf 83' lang='lat' dir='ltr'>discessu</span> <span class='ocrx_word' id='word_1_57' title='bbox 801 553 896 590; x_wconf 88' lang='lat' dir='ltr'>ferre</span> <span class='ocrx_word' id='word_1_58' title='bbox 928 553 1114 601; x_wconf 79' lang='lat' dir='ltr'>dolorem.</span> 
     </span>
    </p>

    <p class='ocr_par' dir='ltr' id='par_1_6' title="bbox 109 611 1184 661">
     <span class='ocr_line' id='line_1_9' title="bbox 109 611 1184 661; baseline 0 -13"><span class='ocrx_word' id='word_1_59' title='bbox 109 611 205 649; x_wconf 82' lang='lat' dir='ltr'>Siste</span> <span class='ocrx_word' id='word_1_60' title='bbox 233 612 395 660; x_wconf 85' lang='lat' dir='ltr'>gradum</span> <span class='ocrx_word' id='word_1_61' title='bbox 423 618 535 660; x_wconf 92' lang='lat' dir='ltr'>teque</span> <span class='ocrx_word' id='word_1_62' title='bbox 565 621 721 661; x_wconf 86' lang='lat' dir='ltr'>aspectu</span> <span class='ocrx_word' id='word_1_63' title='bbox 751 625 799 650; x_wconf 93' lang='lat' dir='ltr'>ne</span> <span class='ocrx_word' id='word_1_64' title='bbox 829 612 1011 649; x_wconf 83' lang='lat' dir='ltr'>subtrahe</span> <span class='ocrx_word' id='word_1_65' title='bbox 1040 618 1184 649; x_wconf 90' lang='lat' dir='ltr'>nostro.</span> 
     </span>
    </p>
   </div>
   <div class='ocr_carea' id='block_1_3' title="bbox 108 668 1389 721">
    <p class='ocr_par' dir='ltr' id='par_1_7' title="bbox 108 668 1389 721">
     <span class='ocr_line' id='line_1_10' title="bbox 108 668 1389 721; baseline -0.002 -13"><span class='ocrx_word' id='word_1_66' title='bbox 108 671 237 717; x_wconf 81' lang='lat' dir='ltr'>Quem</span> <span class='ocrx_word' id='word_1_67' title='bbox 265 671 391 719; x_wconf 85' lang='lat' dir='ltr'>fugis?</span> <span class='ocrx_word' id='word_1_68' title='bbox 428 670 653 708; x_wconf 84' lang='lat' dir='ltr'>Extremum</span> <span class='ocrx_word' id='word_1_69' title='bbox 683 672 761 709; x_wconf 87' lang='lat' dir='ltr'>fato</span> <span class='ocrx_word' id='word_1_70' title='bbox 791 673 896 721; x_wconf 92' lang='lat' dir='ltr'>quod</span> <span class='ocrx_word' id='word_1_71' title='bbox 925 679 961 709; x_wconf 89' lang='lat' dir='ltr'>te</span> <span class='ocrx_word' id='word_1_72' title='bbox 991 671 1175 720; x_wconf 89' lang='lat' dir='ltr'>alloquor,</span> <span class='ocrx_word' id='word_1_73' title='bbox 1205 669 1281 707; x_wconf 89' lang='lat' dir='ltr'>hoc</span> <span class='ocrx_word' id='word_1_74' title='bbox 1310 668 1389 706; x_wconf 90' lang='lat' dir='ltr'>est.’</span> 
     </span>
    </p>
   </div>
   <div class='ocr_carea' id='block_1_4' title="bbox 102 729 1309 2498">
    <p class='ocr_par' dir='ltr' id='par_1_8' title="bbox 108 729 1077 768">
     <span class='ocr_line' id='line_1_11' title="bbox 108 729 1077 768; baseline 0.001 -2"><span class='ocrx_word' id='word_1_75' title='bbox 108 729 267 767; x_wconf 82' lang='lat' dir='ltr'>Talibus</span> <span class='ocrx_word' id='word_1_76' title='bbox 296 731 448 767; x_wconf 84' lang='lat' dir='ltr'>Aeneas</span> <span class='ocrx_word' id='word_1_77' title='bbox 477 731 675 767; x_wconf 83' lang='lat' dir='ltr'>ardentem</span> <span class='ocrx_word' id='word_1_78' title='bbox 705 738 743 768; x_wconf 93' lang='lat' dir='ltr'>et</span> <span class='ocrx_word' id='word_1_79' title='bbox 771 738 877 768; x_wconf 88' lang='lat' dir='ltr'>torva</span> <span class='ocrx_word' id='word_1_80' title='bbox 906 738 1077 768; x_wconf 88' lang='lat' dir='ltr'>tuentem</span> 
     </span>
    </p>

    <p class='ocr_par' dir='ltr' id='par_1_9' title="bbox 106 790 1025 839">
     <span class='ocr_line' id='line_1_12' title="bbox 106 790 1025 839; baseline 0.001 -13"><span class='ocrx_word' id='word_1_81' title='bbox 106 790 248 827; x_wconf 79' lang='lat' dir='ltr'>lenibat</span> <span class='ocrx_word' id='word_1_82' title='bbox 277 790 385 827; x_wconf 89' lang='lat' dir='ltr'>dictis</span> <span class='ocrx_word' id='word_1_83' title='bbox 414 791 584 827; x_wconf 90' lang='lat' dir='ltr'>animum</span> <span class='ocrx_word' id='word_1_84' title='bbox 612 790 862 839; x_wconf 85' lang='lat' dir='ltr'>lacrimasque</span> <span class='ocrx_word' id='word_1_85' title='bbox 891 791 1025 828; x_wconf 88' lang='lat' dir='ltr'>ciebat.</span> 
     </span>
    </p>

    <p class='ocr_par' dir='ltr' id='par_1_10' title="bbox 107 846 932 895">
     <span class='ocr_line' id='line_1_13' title="bbox 107 846 932 895; baseline 0.002 -10"><span class='ocrx_word' id='word_1_86' title='bbox 107 849 176 886; x_wconf 88' lang='lat' dir='ltr'>Illa</span> <span class='ocrx_word' id='word_1_87' title='bbox 204 849 286 886; x_wconf 88' lang='lat' dir='ltr'>solo</span> <span class='ocrx_word' id='word_1_88' title='bbox 316 849 412 886; x_wconf 84' lang='lat' dir='ltr'>fixos</span> <span class='ocrx_word' id='word_1_89' title='bbox 442 849 577 886; x_wconf 89' lang='lat' dir='ltr'>oculos</span> <span class='ocrx_word' id='word_1_90' title='bbox 606 846 738 887; x_wconf 78' lang='lat' dir='ltr'>aversa</span> <span class='ocrx_word' id='word_1_91' title='bbox 767 851 932 895; x_wconf 90' lang='lat' dir='ltr'>tenebat,</span> 
     </span>
    </p>

    <p class='ocr_par' dir='ltr' id='par_1_11' title="bbox 106 908 1111 957">
     <span class='ocr_line' id='line_1_14' title="bbox 106 908 1111 957; baseline 0 -12"><span class='ocrx_word' id='word_1_92' title='bbox 106 921 178 945; x_wconf 91' lang='lat' dir='ltr'>nec</span> <span class='ocrx_word' id='word_1_93' title='bbox 206 908 329 957; x_wconf 84' lang='lat' dir='ltr'>magis</span> <span class='ocrx_word' id='word_1_94' title='bbox 359 908 513 956; x_wconf 90' lang='lat' dir='ltr'>incepto</span> <span class='ocrx_word' id='word_1_95' title='bbox 543 909 687 945; x_wconf 86' lang='lat' dir='ltr'>vultum</span> <span class='ocrx_word' id='word_1_96' title='bbox 717 920 897 945; x_wconf 87' lang='lat' dir='ltr'>sermone</span> <span class='ocrx_word' id='word_1_97' title='bbox 926 915 1111 954; x_wconf 90' lang='lat' dir='ltr'>movetur,</span> 
     </span>
    </p>

    <p class='ocr_par' dir='ltr' id='par_1_12' title="bbox 106 967 1113 1017">
     <span class='ocr_line' id='line_1_15' title="bbox 106 967 1113 1017; baseline 0 -12"><span class='ocrx_word' id='word_1_98' title='bbox 106 980 222 1017; x_wconf 87' lang='lat' dir='ltr'>quam</span> <span class='ocrx_word' id='word_1_99' title='bbox 252 969 282 1005; x_wconf 88' lang='lat' dir='ltr'>si</span> <span class='ocrx_word' id='word_1_100' title='bbox 311 968 404 1004; x_wconf 91' lang='lat' dir='ltr'>dura</span> <span class='ocrx_word' id='word_1_101' title='bbox 434 967 526 1004; x_wconf 83' lang='lat' dir='ltr'>silex</span> <span class='ocrx_word' id='word_1_102' title='bbox 555 975 619 1005; x_wconf 90' lang='lat' dir='ltr'>aut</span> <span class='ocrx_word' id='word_1_103' title='bbox 647 974 718 1005; x_wconf 87' lang='lat' dir='ltr'>stet</span> <span class='ocrx_word' id='word_1_104' title='bbox 750 967 943 1016; x_wconf 86' lang='lat' dir='ltr'>Marpesia</span> <span class='ocrx_word' id='word_1_105' title='bbox 971 978 1113 1005; x_wconf 84' lang='lat' dir='ltr'>cautes.</span> 
     </span>
    </p>

    <p class='ocr_par' dir='ltr' id='par_1_13' title="bbox 107 1027 1101 1075">
     <span class='ocr_line' id='line_1_16' title="bbox 107 1027 1101 1075; baseline -0.002 -10"><span class='ocrx_word' id='word_1_106' title='bbox 107 1027 287 1065; x_wconf 87' lang='lat' dir='ltr'>Tandem</span> <span class='ocrx_word' id='word_1_107' title='bbox 317 1027 495 1075; x_wconf 90' lang='lat' dir='ltr'>corripuit</span> <span class='ocrx_word' id='word_1_108' title='bbox 523 1039 608 1064; x_wconf 88' lang='lat' dir='ltr'>sese</span> <span class='ocrx_word' id='word_1_109' title='bbox 636 1035 750 1075; x_wconf 87' lang='lat' dir='ltr'>atque</span> <span class='ocrx_word' id='word_1_110' title='bbox 780 1027 935 1064; x_wconf 90' lang='lat' dir='ltr'>inimica</span> <span class='ocrx_word' id='word_1_111' title='bbox 964 1027 1101 1075; x_wconf 83' lang='lat' dir='ltr'>refugit</span> 
     </span>
    </p>

    <p class='ocr_par' dir='ltr' id='par_1_14' title="bbox 105 1084 1181 1135">
     <span class='ocr_line' id='line_1_17' title="bbox 105 1084 1181 1135; baseline -0.002 -11"><span class='ocrx_word' id='word_1_112' title='bbox 105 1087 144 1124; x_wconf 90' lang='lat' dir='ltr'>in</span> <span class='ocrx_word' id='word_1_113' title='bbox 172 1098 308 1124; x_wconf 87' lang='lat' dir='ltr'>nemus</span> <span class='ocrx_word' id='word_1_114' title='bbox 337 1085 596 1130; x_wconf 86' lang='lat' dir='ltr'>umbriferum,</span> <span class='ocrx_word' id='word_1_115' title='bbox 627 1087 796 1123; x_wconf 84' lang='lat' dir='ltr'>coniunx</span> <span class='ocrx_word' id='word_1_116' title='bbox 825 1086 889 1122; x_wconf 91' lang='lat' dir='ltr'>ubi</span> <span class='ocrx_word' id='word_1_117' title='bbox 919 1087 1100 1135; x_wconf 87' lang='lat' dir='ltr'>pristinus</span> <span class='ocrx_word' id='word_1_118' title='bbox 1129 1084 1181 1122; x_wconf 89' lang='lat' dir='ltr'>illi</span> 
     </span>
    </p>

    <p class='ocr_par' dir='ltr' id='par_1_15' title="bbox 106 1146 1125 1195">
     <span class='ocr_line' id='line_1_18' title="bbox 106 1146 1125 1195; baseline -0.002 -12"><span class='ocrx_word' id='word_1_119' title='bbox 106 1146 314 1195; x_wconf 88' lang='lat' dir='ltr'>respondet</span> <span class='ocrx_word' id='word_1_120' title='bbox 343 1147 441 1183; x_wconf 87' lang='lat' dir='ltr'>euris</span> <span class='ocrx_word' id='word_1_121' title='bbox 471 1152 686 1194; x_wconf 85' lang='lat' dir='ltr'>aequatque</span> <span class='ocrx_word' id='word_1_122' title='bbox 719 1146 912 1194; x_wconf 81' lang='lat' dir='ltr'>Sychaeus</span> <span class='ocrx_word' id='word_1_123' title='bbox 942 1157 1125 1182; x_wconf 87' lang='lat' dir='ltr'>amorem.</span> 
     </span>
    </p>

    <p class='ocr_par' dir='ltr' id='par_1_16' title="bbox 105 1204 1075 1253">
     <span class='ocr_line' id='line_1_19' title="bbox 105 1204 1075 1253; baseline -0.002 -11"><span class='ocrx_word' id='word_1_124' title='bbox 105 1205 189 1243; x_wconf 91' lang='lat' dir='ltr'>Nec</span> <span class='ocrx_word' id='word_1_125' title='bbox 217 1206 344 1241; x_wconf 90' lang='lat' dir='ltr'>minus</span> <span class='ocrx_word' id='word_1_126' title='bbox 374 1205 538 1249; x_wconf 80' lang='lat' dir='ltr'>Aeneas,</span> <span class='ocrx_word' id='word_1_127' title='bbox 568 1216 659 1241; x_wconf 88' lang='lat' dir='ltr'>casu</span> <span class='ocrx_word' id='word_1_128' title='bbox 689 1216 901 1241; x_wconf 81' lang='lat' dir='ltr'>concussus</span> <span class='ocrx_word' id='word_1_129' title='bbox 931 1204 1075 1253; x_wconf 87' lang='lat' dir='ltr'>iniquo,</span> 
     </span>
    </p>

    <p class='ocr_par' dir='ltr' id='par_1_17' title="bbox 104 1263 1247 1371">
     <span class='ocr_line' id='line_1_20' title="bbox 104 1263 1171 1314; baseline -0.002 -13"><span class='ocrx_word' id='word_1_130' title='bbox 104 1265 343 1314; x_wconf 85' lang='lat' dir='ltr'>prosequitur</span> <span class='ocrx_word' id='word_1_131' title='bbox 372 1264 537 1301; x_wconf 86' lang='lat' dir='ltr'>lacrimis</span> <span class='ocrx_word' id='word_1_132' title='bbox 566 1263 681 1312; x_wconf 87' lang='lat' dir='ltr'>longe</span> <span class='ocrx_word' id='word_1_133' title='bbox 711 1270 749 1300; x_wconf 91' lang='lat' dir='ltr'>et</span> <span class='ocrx_word' id='word_1_134' title='bbox 777 1263 976 1300; x_wconf 84' lang='lat' dir='ltr'>miseratur</span> <span class='ocrx_word' id='word_1_135' title='bbox 1005 1269 1171 1300; x_wconf 84' lang='lat' dir='ltr'>euntem.</span> 
     </span>
     <span class='ocr_line' id='line_1_21' title="bbox 158 1322 1247 1371; baseline -0.002 -11"><span class='ocrx_word' id='word_1_136' title='bbox 158 1323 256 1360; x_wconf 89' lang='lat' dir='ltr'>Inde</span> <span class='ocrx_word' id='word_1_137' title='bbox 286 1323 416 1360; x_wconf 88' lang='lat' dir='ltr'>datum</span> <span class='ocrx_word' id='word_1_138' title='bbox 445 1323 597 1360; x_wconf 90' lang='lat' dir='ltr'>molitur</span> <span class='ocrx_word' id='word_1_139' title='bbox 624 1324 701 1361; x_wconf 90' lang='lat' dir='ltr'>iter.</span> <span class='ocrx_word' id='word_1_140' title='bbox 760 1323 919 1371; x_wconf 90' lang='lat' dir='ltr'>Iamque</span> <span class='ocrx_word' id='word_1_141' title='bbox 949 1334 1037 1360; x_wconf 87' lang='lat' dir='ltr'>arva</span> <span class='ocrx_word' id='word_1_142' title='bbox 1066 1322 1247 1358; x_wconf 86' lang='lat' dir='ltr'>tenebant</span> 
     </span>
    </p>

    <p class='ocr_par' dir='ltr' id='par_1_18' title="bbox 103 1382 1075 1431">
     <span class='ocr_line' id='line_1_22' title="bbox 103 1382 1075 1431; baseline 0 -12"><span class='ocrx_word' id='word_1_143' title='bbox 103 1383 244 1427; x_wconf 88' lang='lat' dir='ltr'>ultima,</span> <span class='ocrx_word' id='word_1_144' title='bbox 276 1394 374 1431; x_wconf 90' lang='lat' dir='ltr'>quae</span> <span class='ocrx_word' id='word_1_145' title='bbox 403 1382 502 1419; x_wconf 91' lang='lat' dir='ltr'>bello</span> <span class='ocrx_word' id='word_1_146' title='bbox 532 1382 618 1419; x_wconf 85' lang='lat' dir='ltr'>clari</span> <span class='ocrx_word' id='word_1_147' title='bbox 648 1389 794 1420; x_wconf 83' lang='lat' dir='ltr'>secreta</span> <span class='ocrx_word' id='word_1_148' title='bbox 823 1382 1075 1431; x_wconf 85' lang='lat' dir='ltr'>frequentant.</span> 
     </span>
    </p>

    <p class='ocr_par' dir='ltr' id='par_1_19' title="bbox 104 1441 1066 1490">
     <span class='ocr_line' id='line_1_23' title="bbox 104 1441 1066 1490; baseline -0.002 -11"><span class='ocrx_word' id='word_1_149' title='bbox 104 1442 182 1480; x_wconf 89' lang='lat' dir='ltr'>Hic</span> <span class='ocrx_word' id='word_1_150' title='bbox 210 1442 259 1478; x_wconf 91' lang='lat' dir='ltr'>illi</span> <span class='ocrx_word' id='word_1_151' title='bbox 289 1442 454 1479; x_wconf 88' lang='lat' dir='ltr'>occurrit</span> <span class='ocrx_word' id='word_1_152' title='bbox 483 1441 652 1490; x_wconf 86' lang='lat' dir='ltr'>Tydeus,</span> <span class='ocrx_word' id='word_1_153' title='bbox 682 1442 742 1479; x_wconf 90' lang='lat' dir='ltr'>hic</span> <span class='ocrx_word' id='word_1_154' title='bbox 771 1442 922 1479; x_wconf 89' lang='lat' dir='ltr'>inclitus</span> <span class='ocrx_word' id='word_1_155' title='bbox 951 1441 1066 1478; x_wconf 88' lang='lat' dir='ltr'>armis</span> 
     </span>
    </p>

    <p class='ocr_par' dir='ltr' id='par_1_20' title="bbox 104 1501 1039 1550">
     <span class='ocr_line' id='line_1_24' title="bbox 104 1501 1039 1550; baseline -0.001 -12"><span class='ocrx_word' id='word_1_156' title='bbox 104 1501 414 1549; x_wconf 88' lang='lat' dir='ltr'>Parthenopaeus</span> <span class='ocrx_word' id='word_1_157' title='bbox 445 1508 481 1538; x_wconf 92' lang='lat' dir='ltr'>et</span> <span class='ocrx_word' id='word_1_158' title='bbox 509 1501 663 1538; x_wconf 87' lang='lat' dir='ltr'>Adrasti</span> <span class='ocrx_word' id='word_1_159' title='bbox 692 1501 867 1550; x_wconf 87' lang='lat' dir='ltr'>pallentis</span> <span class='ocrx_word' id='word_1_160' title='bbox 897 1502 1039 1549; x_wconf 84' lang='lat' dir='ltr'>imago,</span> 
     </span>
    </p>

    <p class='ocr_par' dir='ltr' id='par_1_21' title="bbox 102 1559 1104 1608">
     <span class='ocr_line' id='line_1_25' title="bbox 102 1559 1104 1608; baseline -0.002 -11"><span class='ocrx_word' id='word_1_161' title='bbox 102 1560 164 1597; x_wconf 90' lang='lat' dir='ltr'>hic</span> <span class='ocrx_word' id='word_1_162' title='bbox 192 1560 354 1596; x_wconf 89' lang='lat' dir='ltr'>multum</span> <span class='ocrx_word' id='word_1_163' title='bbox 384 1559 461 1596; x_wconf 91' lang='lat' dir='ltr'>fleti</span> <span class='ocrx_word' id='word_1_164' title='bbox 490 1559 538 1596; x_wconf 91' lang='lat' dir='ltr'>ad</span> <span class='ocrx_word' id='word_1_165' title='bbox 568 1571 729 1608; x_wconf 88' lang='lat' dir='ltr'>superos</span> <span class='ocrx_word' id='word_1_166' title='bbox 759 1560 938 1608; x_wconf 90' lang='lat' dir='ltr'>belloque</span> <span class='ocrx_word' id='word_1_167' title='bbox 968 1559 1104 1596; x_wconf 88' lang='lat' dir='ltr'>caduci</span> 
     </span>
    </p>

    <p class='ocr_par' dir='ltr' id='par_1_22' title="bbox 103 1619 1243 1668">
     <span class='ocr_line' id='line_1_26' title="bbox 103 1619 1243 1668; baseline -0.003 -11"><span class='ocrx_word' id='word_1_168' title='bbox 103 1619 358 1663; x_wconf 88' lang='lat' dir='ltr'>Dardanidae,</span> <span class='ocrx_word' id='word_1_169' title='bbox 388 1631 486 1668; x_wconf 90' lang='lat' dir='ltr'>quos</span> <span class='ocrx_word' id='word_1_170' title='bbox 515 1619 575 1655; x_wconf 92' lang='lat' dir='ltr'>ille</span> <span class='ocrx_word' id='word_1_171' title='bbox 605 1631 741 1656; x_wconf 87' lang='lat' dir='ltr'>omnes</span> <span class='ocrx_word' id='word_1_172' title='bbox 771 1620 889 1668; x_wconf 87' lang='lat' dir='ltr'>longo</span> <span class='ocrx_word' id='word_1_173' title='bbox 919 1619 1052 1656; x_wconf 89' lang='lat' dir='ltr'>ordine</span> <span class='ocrx_word' id='word_1_174' title='bbox 1083 1630 1243 1655; x_wconf 87' lang='lat' dir='ltr'>cernens</span> 
     </span>
    </p>

    <p class='ocr_par' dir='ltr' id='par_1_23' title="bbox 103 1677 1309 1728">
     <span class='ocr_line' id='line_1_27' title="bbox 103 1677 1309 1728; baseline -0.002 -13"><span class='ocrx_word' id='word_1_175' title='bbox 103 1679 298 1728; x_wconf 84' lang='lat' dir='ltr'>ingemuit,</span> <span class='ocrx_word' id='word_1_176' title='bbox 330 1677 596 1725; x_wconf 88' lang='lat' dir='ltr'>Glaucumque</span> <span class='ocrx_word' id='word_1_177' title='bbox 626 1678 892 1726; x_wconf 88' lang='lat' dir='ltr'>Medontaque</span> <span class='ocrx_word' id='word_1_178' title='bbox 922 1677 1309 1726; x_wconf 85' lang='lat' dir='ltr'>Thersilochumque,</span> 
     </span>
    </p>

    <p class='ocr_par' dir='ltr' id='par_1_24' title="bbox 103 1736 1191 1785">
     <span class='ocr_line' id='line_1_28' title="bbox 103 1736 1191 1785; baseline -0.003 -10"><span class='ocrx_word' id='word_1_179' title='bbox 103 1745 178 1775; x_wconf 90' lang='lat' dir='ltr'>tres</span> <span class='ocrx_word' id='word_1_180' title='bbox 206 1737 477 1781; x_wconf 88' lang='lat' dir='ltr'>Antenoridas,</span> <span class='ocrx_word' id='word_1_181' title='bbox 508 1736 712 1785; x_wconf 89' lang='lat' dir='ltr'>Cererique</span> <span class='ocrx_word' id='word_1_182' title='bbox 742 1749 894 1774; x_wconf 89' lang='lat' dir='ltr'>sacrum</span> <span class='ocrx_word' id='word_1_183' title='bbox 923 1736 1191 1785; x_wconf 89' lang='lat' dir='ltr'>Polyphoeten</span> 
     </span>
    </p>

    <p class='ocr_par' dir='ltr' id='par_1_25' title="bbox 103 1797 1172 1845">
     <span class='ocr_line' id='line_1_29' title="bbox 103 1797 1172 1845; baseline -0.003 -11"><span class='ocrx_word' id='word_1_184' title='bbox 103 1797 340 1845; x_wconf 88' lang='lat' dir='ltr'>Idaeumque</span> <span class='ocrx_word' id='word_1_185' title='bbox 370 1797 484 1833; x_wconf 87' lang='lat' dir='ltr'>etiam</span> <span class='ocrx_word' id='word_1_186' title='bbox 516 1808 655 1841; x_wconf 91' lang='lat' dir='ltr'>currus,</span> <span class='ocrx_word' id='word_1_187' title='bbox 687 1797 801 1832; x_wconf 88' lang='lat' dir='ltr'>etiam</span> <span class='ocrx_word' id='word_1_188' title='bbox 831 1808 937 1833; x_wconf 88' lang='lat' dir='ltr'>arma</span> <span class='ocrx_word' id='word_1_189' title='bbox 965 1802 1172 1832; x_wconf 88' lang='lat' dir='ltr'>tenentem.</span> 
     </span>
    </p>

    <p class='ocr_par' dir='ltr' id='par_1_26' title="bbox 104 1854 1184 1903">
     <span class='ocr_line' id='line_1_30' title="bbox 104 1854 1184 1903; baseline -0.004 -9"><span class='ocrx_word' id='word_1_190' title='bbox 104 1856 361 1894; x_wconf 88' lang='lat' dir='ltr'>Circumstant</span> <span class='ocrx_word' id='word_1_191' title='bbox 389 1856 537 1892; x_wconf 89' lang='lat' dir='ltr'>animae</span> <span class='ocrx_word' id='word_1_192' title='bbox 568 1855 700 1892; x_wconf 86' lang='lat' dir='ltr'>dextra</span> <span class='ocrx_word' id='word_1_193' title='bbox 728 1855 910 1903; x_wconf 89' lang='lat' dir='ltr'>laevaque</span> <span class='ocrx_word' id='word_1_194' title='bbox 940 1854 1184 1903; x_wconf 86' lang='lat' dir='ltr'>frequentes:</span> 
     </span>
    </p>

    <p class='ocr_par' dir='ltr' id='par_1_27' title="bbox 104 1913 1183 1962">
     <span class='ocr_line' id='line_1_31' title="bbox 104 1913 1183 1962; baseline -0.003 -10"><span class='ocrx_word' id='word_1_195' title='bbox 104 1927 176 1952; x_wconf 91' lang='lat' dir='ltr'>nec</span> <span class='ocrx_word' id='word_1_196' title='bbox 205 1915 344 1952; x_wconf 88' lang='lat' dir='ltr'>vidisse</span> <span class='ocrx_word' id='word_1_197' title='bbox 374 1915 495 1952; x_wconf 90' lang='lat' dir='ltr'>semel</span> <span class='ocrx_word' id='word_1_198' title='bbox 524 1915 613 1952; x_wconf 86' lang='lat' dir='ltr'>satis</span> <span class='ocrx_word' id='word_1_199' title='bbox 643 1922 723 1961; x_wconf 72' lang='lat' dir='ltr'>est,</span> <span class='ocrx_word' id='word_1_200' title='bbox 763 1915 862 1951; x_wconf 89' lang='lat' dir='ltr'>iuvat</span> <span class='ocrx_word' id='word_1_201' title='bbox 892 1925 1013 1962; x_wconf 90' lang='lat' dir='ltr'>usque</span> <span class='ocrx_word' id='word_1_202' title='bbox 1043 1913 1183 1949; x_wconf 87' lang='lat' dir='ltr'>morari</span> 
     </span>
    </p>

    <p class='ocr_par' dir='ltr' id='par_1_28' title="bbox 104 1964 1150 2022">
     <span class='ocr_line' id='line_1_32' title="bbox 104 1964 1150 2022; baseline -0.004 -11"><span class='ocrx_word' id='word_1_203' title='bbox 104 1980 140 2011; x_wconf 89' lang='lat' dir='ltr'>et</span> <span class='ocrx_word' id='word_1_204' title='bbox 168 1974 340 2011; x_wconf 90' lang='lat' dir='ltr'>conferre</span> <span class='ocrx_word' id='word_1_205' title='bbox 368 1974 530 2022; x_wconf 84' lang='lat' dir='ltr'>gradum</span> <span class='ocrx_word' id='word_1_206' title='bbox 560 1980 597 2011; x_wconf 92' lang='lat' dir='ltr'>et</span> <span class='ocrx_word' id='word_1_207' title='bbox 624 1973 801 2010; x_wconf 85' lang='lat' dir='ltr'>veniendi</span> <span class='ocrx_word' id='word_1_208' title='bbox 830 1964 975 2010; x_wconf 86' lang='lat' dir='ltr'>discere</span> <span class='ocrx_word' id='word_1_209' title='bbox 1004 1983 1150 2009; x_wconf 87' lang='lat' dir='ltr'>causas.</span> 
     </span>
    </p>

    <p class='ocr_par' dir='ltr' id='par_1_29' title="bbox 103 2030 1244 2081">
     <span class='ocr_line' id='line_1_33' title="bbox 103 2030 1244 2081; baseline -0.003 -11"><span class='ocrx_word' id='word_1_210' title='bbox 103 2034 155 2070; x_wconf 88' lang='lat' dir='ltr'>At</span> <span class='ocrx_word' id='word_1_211' title='bbox 182 2032 362 2070; x_wconf 88' lang='lat' dir='ltr'>Danaum</span> <span class='ocrx_word' id='word_1_212' title='bbox 391 2044 568 2081; x_wconf 86' lang='lat' dir='ltr'>proceres</span> <span class='ocrx_word' id='word_1_213' title='bbox 597 2032 1004 2081; x_wconf 85' lang='lat' dir='ltr'>Agamemnoniaeque</span> <span class='ocrx_word' id='word_1_214' title='bbox 1034 2030 1244 2079; x_wconf 82' lang='lat' dir='ltr'>phalanges</span> 
     </span>
    </p>

    <p class='ocr_par' dir='ltr' id='par_1_30' title="bbox 103 2090 1158 2141">
     <span class='ocr_line' id='line_1_34' title="bbox 103 2090 1158 2141; baseline -0.003 -12"><span class='ocrx_word' id='word_1_215' title='bbox 103 2099 144 2129; x_wconf 90' lang='lat' dir='ltr'>ut</span> <span class='ocrx_word' id='word_1_216' title='bbox 172 2092 297 2128; x_wconf 88' lang='lat' dir='ltr'>videre</span> <span class='ocrx_word' id='word_1_217' title='bbox 326 2092 445 2128; x_wconf 85' lang='lat' dir='ltr'>virum</span> <span class='ocrx_word' id='word_1_218' title='bbox 474 2091 735 2141; x_wconf 85' lang='lat' dir='ltr'>fulgentiaque</span> <span class='ocrx_word' id='word_1_219' title='bbox 765 2103 870 2128; x_wconf 86' lang='lat' dir='ltr'>arma</span> <span class='ocrx_word' id='word_1_220' title='bbox 898 2103 965 2139; x_wconf 90' lang='lat' dir='ltr'>per</span> <span class='ocrx_word' id='word_1_221' title='bbox 993 2090 1158 2134; x_wconf 87' lang='lat' dir='ltr'>umbras,</span> 
     </span>
    </p>

    <p class='ocr_par' dir='ltr' id='par_1_31' title="bbox 103 2150 1069 2200">
     <span class='ocr_line' id='line_1_35' title="bbox 103 2150 1069 2200; baseline -0.003 -12"><span class='ocrx_word' id='word_1_222' title='bbox 103 2151 248 2200; x_wconf 84' lang='lat' dir='ltr'>ingenti</span> <span class='ocrx_word' id='word_1_223' title='bbox 277 2150 464 2200; x_wconf 90' lang='lat' dir='ltr'>trepidare</span> <span class='ocrx_word' id='word_1_224' title='bbox 493 2158 621 2188; x_wconf 88' lang='lat' dir='ltr'>metu:</span> <span class='ocrx_word' id='word_1_225' title='bbox 661 2163 749 2200; x_wconf 89' lang='lat' dir='ltr'>pars</span> <span class='ocrx_word' id='word_1_226' title='bbox 779 2157 922 2188; x_wconf 90' lang='lat' dir='ltr'>vertere</span> <span class='ocrx_word' id='word_1_227' title='bbox 950 2156 1069 2197; x_wconf 92' lang='lat' dir='ltr'>terga,</span> 
     </span>
    </p>

    <p class='ocr_par' dir='ltr' id='par_1_32' title="bbox 105 2210 1171 2260">
     <span class='ocr_line' id='line_1_36' title="bbox 105 2210 1171 2260; baseline -0.004 -12"><span class='ocrx_word' id='word_1_228' title='bbox 105 2224 175 2249; x_wconf 91' lang='lat' dir='ltr'>ceu</span> <span class='ocrx_word' id='word_1_229' title='bbox 205 2211 402 2260; x_wconf 89' lang='lat' dir='ltr'>quondam</span> <span class='ocrx_word' id='word_1_230' title='bbox 432 2212 574 2259; x_wconf 89' lang='lat' dir='ltr'>petiere</span> <span class='ocrx_word' id='word_1_231' title='bbox 603 2218 724 2257; x_wconf 88' lang='lat' dir='ltr'>rates;</span> <span class='ocrx_word' id='word_1_232' title='bbox 763 2223 850 2259; x_wconf 90' lang='lat' dir='ltr'>pars</span> <span class='ocrx_word' id='word_1_233' title='bbox 880 2210 1008 2247; x_wconf 89' lang='lat' dir='ltr'>tollere</span> <span class='ocrx_word' id='word_1_234' title='bbox 1037 2221 1171 2246; x_wconf 91' lang='lat' dir='ltr'>vocem</span> 
     </span>
    </p>

    <p class='ocr_par' dir='ltr' id='par_1_33' title="bbox 105 2269 1135 2379">
     <span class='ocr_line' id='line_1_37' title="bbox 105 2269 1107 2319; baseline -0.004 -11"><span class='ocrx_word' id='word_1_235' title='bbox 105 2271 305 2319; x_wconf 82' lang='lat' dir='ltr'>exiguam:</span> <span class='ocrx_word' id='word_1_236' title='bbox 347 2270 520 2318; x_wconf 83' lang='lat' dir='ltr'>inceptus</span> <span class='ocrx_word' id='word_1_237' title='bbox 550 2270 696 2307; x_wconf 90' lang='lat' dir='ltr'>clamor</span> <span class='ocrx_word' id='word_1_238' title='bbox 724 2270 920 2307; x_wconf 86' lang='lat' dir='ltr'>frustratur</span> <span class='ocrx_word' id='word_1_239' title='bbox 948 2269 1107 2306; x_wconf 86' lang='lat' dir='ltr'>hiantes.</span> 
     </span>
     <span class='ocr_line' id='line_1_38' title="bbox 158 2329 1135 2379; baseline -0.003 -12"><span class='ocrx_word' id='word_1_240' title='bbox 158 2331 286 2379; x_wconf 88' lang='lat' dir='ltr'>Atque</span> <span class='ocrx_word' id='word_1_241' title='bbox 314 2329 375 2366; x_wconf 88' lang='lat' dir='ltr'>hic</span> <span class='ocrx_word' id='word_1_242' title='bbox 407 2329 623 2366; x_wconf 88' lang='lat' dir='ltr'>Priamiden</span> <span class='ocrx_word' id='word_1_243' title='bbox 652 2330 836 2366; x_wconf 90' lang='lat' dir='ltr'>laniatum</span> <span class='ocrx_word' id='word_1_244' title='bbox 865 2340 1025 2376; x_wconf 88' lang='lat' dir='ltr'>corpore</span> <span class='ocrx_word' id='word_1_245' title='bbox 1054 2334 1135 2364; x_wconf 92' lang='lat' dir='ltr'>toto</span> 
     </span>
    </p>

    <p class='ocr_par' dir='ltr' id='par_1_34' title="bbox 105 2387 1082 2438">
     <span class='ocr_line' id='line_1_39' title="bbox 105 2387 1082 2438; baseline -0.003 -12"><span class='ocrx_word' id='word_1_246' title='bbox 105 2389 354 2438; x_wconf 90' lang='lat' dir='ltr'>Deiphobum</span> <span class='ocrx_word' id='word_1_247' title='bbox 383 2388 483 2425; x_wconf 91' lang='lat' dir='ltr'>videt</span> <span class='ocrx_word' id='word_1_248' title='bbox 512 2395 549 2425; x_wconf 95' lang='lat' dir='ltr'>et</span> <span class='ocrx_word' id='word_1_249' title='bbox 577 2389 746 2425; x_wconf 89' lang='lat' dir='ltr'>lacerum</span> <span class='ocrx_word' id='word_1_250' title='bbox 775 2387 975 2425; x_wconf 90' lang='lat' dir='ltr'>crudeliter</span> <span class='ocrx_word' id='word_1_251' title='bbox 1003 2399 1082 2431; x_wconf 87' lang='lat' dir='ltr'>ora,</span> 
     </span>
    </p>

    <p class='ocr_par' dir='ltr' id='par_1_35' title="bbox 106 2446 1232 2498">
     <span class='ocr_line' id='line_1_40' title="bbox 106 2446 1232 2498; baseline -0.004 -11"><span class='ocrx_word' id='word_1_252' title='bbox 106 2461 172 2487; x_wconf 89' lang='lat' dir='ltr'>ora</span> <span class='ocrx_word' id='word_1_253' title='bbox 200 2461 411 2498; x_wconf 90' lang='lat' dir='ltr'>manusque</span> <span class='ocrx_word' id='word_1_254' title='bbox 442 2449 588 2493; x_wconf 87' lang='lat' dir='ltr'>ambas,</span> <span class='ocrx_word' id='word_1_255' title='bbox 618 2447 880 2498; x_wconf 88' lang='lat' dir='ltr'>populataque</span> <span class='ocrx_word' id='word_1_256' title='bbox 909 2453 1085 2496; x_wconf 86' lang='lat' dir='ltr'>tempora</span> <span class='ocrx_word' id='word_1_257' title='bbox 1115 2446 1232 2495; x_wconf 87' lang='lat' dir='ltr'>raptis</span> 
     </span>
    </p>
   </div>
   <div class='ocr_carea' id='block_1_5' title="bbox 1432 320 1497 361">
    <p class='ocr_par' dir='ltr' id='par_1_36' title="bbox 1432 320 1497 361">
     <span class='ocr_line' id='line_1_41' title="bbox 1432 320 1497 361; baseline 0 -11"><span class='ocrx_word' id='word_1_258' title='bbox 1432 320 1497 361; x_wconf 78' lang='lat'>460</span> 
     </span>
    </p>
   </div>
   <div class='ocr_carea' id='block_1_6' title="bbox 1431 615 1492 656">
    <p class='ocr_par' dir='ltr' id='par_1_37' title="bbox 1431 615 1492 656">
     <span class='ocr_line' id='line_1_42' title="bbox 1431 615 1492 656; baseline 0 0"><span class='ocrx_word' id='word_1_259' title='bbox 1431 615 1492 656; x_wconf 79' lang='lat'>465</span> 
     </span>
    </p>
   </div>
   <div class='ocr_carea' id='block_1_7' title="bbox 1429 921 1496 952">
    <p class='ocr_par' dir='ltr' id='par_1_38' title="bbox 1429 921 1496 952">
     <span class='ocr_line' id='line_1_43' title="bbox 1429 921 1496 952; baseline 0.015 -1"><span class='ocrx_word' id='word_1_260' title='bbox 1429 921 1496 952; x_wconf 81' lang='lat'>470</span> 
     </span>
    </p>
   </div>
   <div class='ocr_carea' id='block_1_8' title="bbox 1430 1216 1492 1248">
    <p class='ocr_par' dir='ltr' id='par_1_39' title="bbox 1430 1216 1492 1248">
     <span class='ocr_line' id='line_1_44' title="bbox 1430 1216 1492 1248; baseline 0 0"><span class='ocrx_word' id='word_1_261' title='bbox 1430 1216 1492 1248; x_wconf 82' lang='lat'>475</span> 
     </span>
    </p>
   </div>
   <div class='ocr_carea' id='block_1_9' title="bbox 1430 1505 1496 1544">
    <p class='ocr_par' dir='ltr' id='par_1_40' title="bbox 1430 1505 1496 1544">
     <span class='ocr_line' id='line_1_45' title="bbox 1430 1505 1496 1544; baseline 0 -9"><span class='ocrx_word' id='word_1_262' title='bbox 1430 1505 1496 1544; x_wconf 82' lang='lat'>480</span> 
     </span>
    </p>
   </div>
   <div class='ocr_carea' id='block_1_10' title="bbox 1430 2104 1496 2136">
    <p class='ocr_par' dir='ltr' id='par_1_41' title="bbox 1430 2104 1496 2136">
     <span class='ocr_line' id='line_1_46' title="bbox 1430 2104 1496 2136; baseline 0 0"><span class='ocrx_word' id='word_1_263' title='bbox 1430 2104 1496 2136; x_wconf 82' lang='lat'>490</span> 
     </span>
    </p>
   </div>
   <div class='ocr_carea' id='block_1_11' title="bbox 1431 2400 1494 2433">
    <p class='ocr_par' dir='ltr' id='par_1_42' title="bbox 1431 2400 1494 2433">
     <span class='ocr_line' id='line_1_47' title="bbox 1431 2400 1494 2433; baseline 0 -1"><span class='ocrx_word' id='word_1_264' title='bbox 1431 2400 1494 2433; x_wconf 86' lang='lat'>495</span> 
     </span>
    </p>
   </div>
  </div>
 </body>
</html>
