1669 2737
537 95 704 129 LIBER
733 95 811 131 ΠΙ.
843 101 892 139 41
904 88 1012 144 8-49
1016 99 1054 143 5.

110 202 193 251 ipsa
222 209 332 240 canat
360 215 571 252 vocemque
600 203 732 241 volens
762 210 875 252 atque
904 215 971 240 ora
999 202 1174 240 resolvat.

109 262 179 299 Illa
207 263 272 299 tibi
301 263 430 300 Italiae
459 263 624 313 populos
653 269 887 311 venturaque
916 262 1014 299 bella

110 326 147 358 et
174 333 252 370 quo
281 334 472 371 quemque
501 322 619 360 modo
647 321 846 371 fugiasque
876 321 1050 369 ferasque
1078 321 1248 358 laborem

109 380 297 428 expediet,
327 393 534 429 cursusque
564 381 669 418 dabit
696 387 876 417 venerata
905 381 1105 417 secundos.

109 439 221 477 Haec
249 447 348 487 sunt,
378 453 477 490 quae
507 448 637 478 nostra
665 440 774 478 liceat
803 447 838 477 te
868 452 963 477 voce
991 441 1151 478 moneri.

107 499 218 538 Vade
248 513 321 550 age
350 507 388 538 et
415 501 611 550 ingentem
640 500 747 538 factis
777 500 831 537 fer
859 500 907 537 ad
937 501 1091 538 aethera
1120 499 1315 538 Troiam.'’

163 559 300 605 ‘Quae
328 567 534 609 postquam
562 566 666 597 vates
695 560 749 597 sic
779 571 844 597 ore
873 560 1009 597 effatus
1040 560 1165 598 amico
1195 568 1263 605 est,

108 619 210 656 dona
240 618 378 656 dehinc
407 630 500 656 auro
528 619 656 667 gravia
684 625 867 667 sectoque
897 618 1103 667 elephanto

106 678 268 726 imperat
296 678 346 715 ad
374 690 489 715 naves
518 678 613 723 ferri,
644 677 834 726 stipatque
864 679 1003 715 carinis

106 737 244 785 ingens
273 743 475 784 argentum
504 737 819 786 Dodonaeosque
848 737 1002 783 lebetas,

105 795 264 832 loricam
295 801 512 833 consertam
540 795 664 832 hamis
693 807 863 844 auroque
893 796 1051 833 trilicem

106 860 142 890 et
171 866 313 891 conum
342 854 502 902 insignis
529 855 662 903 galeae
691 855 899 903 cristasque
929 862 1142 900 comantes,

105 927 209 952 arma
237 915 496 964 Neoptolemi.
555 915 651 952 Sunt
680 923 717 953 et
746 928 814 953 sua
844 916 947 953 dona
976 918 1135 965 parenti.

105 975 224 1012 Addit
252 988 373 1025 equos
403 976 583 1025 additque
613 977 742 1021 duces,

104 1034 304 1082 remigium
333 1034 496 1083 supplet,
526 1035 654 1072 socios
684 1035 795 1072 simul
825 1036 974 1073 instruit
1003 1036 1128 1072 armis.

160 1095 168 1111 ‘
185 1093 335 1130 Interea
364 1093 526 1131 classem
556 1093 646 1131 velis
675 1100 806 1142 aptare
835 1095 989 1132 iubebat

103 1151 304 1196 Anchises,
335 1152 440 1189 fieret
469 1159 583 1190 vento
611 1165 721 1190 mora
749 1166 798 1190 ne
828 1166 903 1202 qua
932 1153 1076 1191 ferenti.

105 1210 233 1256 Quem
263 1211 409 1248 Phoebi
437 1212 620 1260 interpres
649 1212 770 1249 multo
800 1213 1006 1261 compellat
1035 1212 1206 1251 honore:

104 1270 344 1320 “Coniugio,
374 1271 556 1317 Anchisa,
586 1271 748 1309 Veneris
778 1272 930 1320 dignate
960 1273 1137 1321 superbO,

104 1341 193 1366 cura
222 1329 349 1375 deum,
378 1330 437 1367 bis
466 1329 686 1378 Pergameis
715 1338 842 1379 erepte
871 1332 1001 1377 ruinis,

103 1400 192 1426 ecce
221 1388 288 1425 tibi
317 1389 515 1426 Ausoniae
544 1389 677 1426 tellus:
718 1389 818 1427 hanc
848 1390 970 1438 arripe
1001 1390 1101 1427 velis.

103 1456 140 1486 et
168 1455 299 1485 tamen
327 1448 427 1486 hanc
454 1448 593 1498 pelago
623 1449 898 1498 praeterlabare
927 1442 1085 1487 necesse
1115 1456 1195 1487 est:

102 1507 297 1545 Ausoniae
326 1519 413 1555 pars
442 1507 503 1543 illa
532 1507 678 1556 procul,
708 1520 825 1557 quarn
855 1508 987 1557 pandit
1016 1508 1168 1557 Apollo.

103 1567 213 1604 Vade
226 1566 244 1582 ’'
275 1567 336 1612 ait,
367 1570 427 1604 “o
457 1566 545 1604 felix
575 1567 653 1604 nati
682 1568 834 1616 pietate.
893 1567 998 1614 Quid
1026 1568 1122 1605 ultra

102 1625 295 1675 provehor
325 1632 362 1663 et
390 1625 509 1663 fando
540 1633 740 1675 surgentes
771 1626 950 1664 demoror
979 1626 1195 1664 Austros?''

104 1685 188 1723 Nec
217 1687 343 1723 minus
372 1686 647 1723 Andromache
677 1686 850 1735 digressu
879 1693 1026 1723 maesta
1056 1698 1236 1735 supremo

103 1745 173 1783 sert
202 1746 410 1794 picturatas
439 1745 519 1782 auri
550 1746 765 1783 subtemine
794 1753 917 1783 vestes

103 1811 140 1842 et
169 1805 373 1854 Phrygiam
401 1805 571 1842 Ascanio
601 1804 841 1854 chlamydem
871 1804 958 1855 (nec
989 1805 1089 1842 cedit
1118 1803 1282 1854 honore)

103 1863 371 1912 textilibusque
401 1870 534 1900 onerat
564 1863 676 1900 donis
706 1876 751 1901 ac
780 1864 868 1902 talia
896 1864 1017 1901 fatur:

105 1923 284 1971 “Accipe
314 1929 351 1959 et
380 1921 484 1968 haec,
515 1934 700 1958 manuum
729 1923 795 1959 tibi
826 1935 923 1971 quae
952 1923 1192 1960 monimenta
1222 1935 1393 1961 mearum

104 1981 188 2026 sint,
218 1993 322 2030 puer,
352 1987 390 2017 et
417 1981 577 2029 longum
606 1981 905 2018 Andromachae
935 1988 1119 2019 testentur
1148 1993 1332 2028 amorem,

104 2040 279 2088 coniugis
309 2039 536 2077 Hectoreae.
597 2039 703 2088 Cape
734 2040 838 2077 dona
867 2048 1037 2078 extrema
1066 2048 1231 2087 tuorum,

104 2113 128 2137 o
157 2100 250 2136 mihi
279 2100 361 2137 sola
389 2100 465 2137 mei
494 2112 607 2149 super
635 2100 879 2149 Astyanactis
908 2101 1049 2149 imago.

107 2159 168 2198 Sic
196 2160 341 2205 oculos,
372 2160 426 2196 sic
454 2159 513 2196 ille
542 2171 691 2203 manus,
722 2160 774 2196 sic
804 2172 872 2197 ora
900 2160 1056 2205 ferebat,

105 2226 142 2256 et
170 2231 272 2256 nunc
300 2218 448 2267 aequali
474 2225 601 2255 tecum
630 2219 855 2267 pubesceret
885 2219 1003 2256 aevo.’

106 2278 195 2315 Hos
223 2290 297 2327 ego
327 2277 545 2326 digrediens
575 2277 740 2314 lacrimis
771 2278 915 2314 affabar
944 2280 1112 2319 obortis:

107 2339 266 2375 “Vivite
296 2338 435 2383 felices,
465 2339 603 2387 quibus
633 2346 691 2375 est
719 2338 870 2375 fortuna
900 2347 1054 2388 peracta

105 2399 181 2436 iam
211 2409 301 2434 sua:
341 2409 413 2434 nos
440 2397 512 2434 alia
541 2408 587 2433 ex
618 2397 698 2434 aliis
727 2397 764 2433 in
795 2396 870 2434 fata
898 2410 1090 2436 vocamur.

106 2456 228 2494 Vobis
257 2462 365 2506 parta
394 2455 510 2505 quies,
541 2455 686 2492 nullum
716 2456 831 2493 maris
860 2468 1005 2506 aequor
1035 2458 1236 2505 arandum,

1432 386 1495 425 460

1433 683 1494 724 465

1432 1576 1496 1615 480

1432 1871 1493 1912 485

1434 2177 1498 2209 490

1434 2473 1495 2505 495
