1669 2737
576 81 743 117 LIBER
772 80 824 117 X.
861 74 1068 128 107-184.
1433 85 1511 129 277

184 190 242 229 Illi
270 190 367 228 inter
395 203 480 230 sese
508 191 592 230 duri
621 191 831 230 certamina
859 190 947 228 belli

131 251 388 290 contulerant:
428 252 555 291 media
584 253 736 291 Aeneas
765 252 859 289 freta
887 256 999 289 nocte
1030 252 1195 290 secabat.

130 311 309 361 Namque
337 319 379 350 ut
407 313 456 350 ab
484 312 664 351 Evandro
693 313 825 351 castris
854 312 1048 360 ingressus
1077 311 1252 350 Etruscis

129 382 259 420 regern
288 371 365 409 adit
394 378 431 410 et
459 373 538 422 regi
566 379 754 410 memorat
783 383 1002 420 nomenque
1032 383 1243 420 genusque,

130 430 267 479 quidve
295 439 400 481 petat
429 433 566 482 quidve
595 433 677 482 ipse
706 432 812 478 ferat,
844 431 1058 468 Mezentius
1089 443 1194 468 arma
1455 446 1513 477 150

130 500 228 537 quae
257 490 328 527 sibi
357 491 544 537 conciliet,
573 491 815 540 violentaque
846 498 1000 540 pectora
1030 489 1154 526 Turni

129 547 276 593 edocet,
305 549 484 587 humanis
513 562 612 599 quae
642 551 690 587 sit
718 550 856 587 fiducia
884 550 997 587 rebus

129 606 311 645 admonet
339 608 605 658 immiscetque
634 621 785 658 preces:
826 609 928 646 haud
957 609 997 646 fit
1026 621 1146 654 mora,
1179 608 1363 645 Tarchon

128 666 252 714 iungit
279 678 374 716 opes
402 667 613 717 foedusque
641 668 746 714 ferit;
788 675 869 705 tum
899 668 1014 705 libera
1044 669 1110 706 fati

129 725 291 763 classem
320 727 545 764 conscendit
574 728 683 766 iussis
713 740 809 777 gens
839 727 960 777 Lydia
990 728 1129 773 divum,
1454 742 1510 773 155

128 791 286 822 externo
315 787 522 824 commissa
551 787 648 825 duci.
707 787 854 824 Aeneia
887 787 1028 836 puppis

127 844 250 893 prima
278 851 392 891 tenet,
421 853 545 884 rostro
576 846 762 896 Phrygios
793 847 993 883 subiuncta
1021 846 1163 891 leones,

127 902 301 941 imminet
330 903 400 941 Ida
426 917 550 953 super,
580 906 751 954 profugis
781 906 994 954 gratissima
1023 905 1193 942 Teucris.

129 960 206 1000 Hic
234 974 398 1012 magnus
427 965 534 1001 sedet
561 965 713 1002 Aeneas
743 977 951 1014 secumque
979 964 1121 1002 volutat

127 1028 284 1060 eventus
313 1023 399 1060 belli
428 1024 563 1070 varios,
594 1024 792 1073 Pallasque
822 1025 973 1062 sinistro
1449 1029 1509 1061 160

128 1080 262 1118 affixus
291 1081 396 1119 lateri
424 1082 501 1119 iam
528 1084 673 1132 quaerit
703 1084 835 1129 sidera,
867 1095 1013 1132 opacae

127 1141 252 1178 noctis
280 1141 361 1187 iter,
390 1142 466 1178 iam
496 1155 594 1191 quae
623 1155 758 1192 passus
788 1150 960 1192 terraque
990 1143 1171 1192 marique.
1250 1185 1253 1187 ,

182 1199 340 1238 Pandite
369 1213 472 1238 nunc
503 1201 706 1247 Helicona,
737 1203 842 1248 deae,
873 1209 1084 1251 cantusque
1114 1208 1275 1249 movete,

127 1271 225 1308 quae
254 1272 391 1298 manus
419 1261 562 1298 interea
591 1261 729 1299 Tuscis
759 1263 957 1299 comitetur
987 1263 1034 1299 ab
1065 1262 1138 1299 oris

126 1309 287 1356 Aene’an
316 1327 511 1370 armetque
540 1328 638 1358 rates
667 1321 882 1370 pelagoque
911 1321 1075 1358 vehatur.
1449 1325 1506 1366 165

180 1378 371 1418 Massicus
400 1386 526 1424 aerata
553 1381 732 1430 princeps
762 1387 865 1419 secat
895 1393 1060 1430 aequora
1090 1381 1222 1430 Tigri:

127 1438 197 1476 sub
226 1450 304 1488 quo
332 1439 434 1476 mille
462 1451 600 1477 manus
628 1440 817 1485 iuvenum,
848 1441 911 1489 qui
941 1440 1094 1477 moenia
1124 1440 1228 1478 Clusi

126 1499 266 1548 quique
296 1500 429 1536 urbem
458 1499 599 1549 liquere
629 1499 764 1544 Cosas,
794 1501 877 1549 quis
907 1500 980 1537 tela
1010 1500 1167 1548 sagittae

125 1559 326 1607 gorytique
354 1559 454 1596 leves
484 1561 623 1597 umeris
652 1566 689 1596 et
716 1559 836 1597 letifer
865 1571 984 1597 arcus.

125 1617 215 1655 Una
242 1625 369 1656 torvus
397 1619 524 1656 Abas:
565 1619 651 1656 huic
681 1626 804 1656 totum
833 1619 1046 1668 insignibus
1076 1619 1191 1655 armis
1446 1633 1507 1665 170

125 1689 266 1725 agmen
295 1683 332 1715 et
359 1685 490 1715 aurato
519 1676 688 1726 fulgebat
716 1678 893 1727 Apolline
922 1678 1073 1727 puppis.

127 1736 337 1774 Sexcentos
366 1736 416 1774 illi
445 1737 601 1775 dederat
630 1737 846 1786 Populonia
876 1744 997 1774 mater

125 1803 302 1846 expertos
329 1795 417 1833 belli
445 1796 611 1841 iuvenes,
642 1804 700 1834 ast
731 1797 810 1834 Ilva
839 1803 1028 1834 trecentos

124 1855 248 1893 insula
275 1855 509 1893 inexhaustis
538 1855 753 1905 Chalybum
783 1868 971 1905 generosa
1000 1855 1171 1893 metallis.

126 1914 277 1953 Tertius
305 1915 365 1953 ille
394 1915 595 1952 hominum
625 1916 831 1964 divumque
860 1916 1045 1964 interpres
1074 1914 1209 1960 Asilas,
1445 1929 1504 1961 175

125 1976 186 2014 cui
213 1975 406 2025 pecudum
436 1976 563 2021 fibrae,
593 1975 686 2012 caeli
716 1976 775 2012 cui
805 1976 929 2013 sidera
957 1981 1092 2024 parent
1434 1986 1438 1991 ·

125 2042 162 2073 et
189 2035 340 2084 linguae
369 2035 564 2073 volucrum
593 2042 631 2072 et
658 2035 832 2084 praesagi
862 2034 1027 2072 fulminis
1063 2034 1181 2083 ignes,

125 2094 227 2132 mille
253 2095 351 2144 rapit
380 2094 520 2131 densos
549 2095 629 2131 acie
659 2100 773 2143 atque
803 2095 1041 2131 horrentibus
1071 2093 1199 2131 hastis.

126 2152 215 2192 Hos
243 2166 374 2203 parere
403 2154 534 2191 iubent
561 2154 734 2203 Alpheae
764 2155 813 2191 ab
842 2154 988 2202 origine
1020 2153 1139 2198 Pisae,

125 2215 216 2252 urbs
243 2213 404 2251 Etrusca
432 2214 527 2252 solo.
587 2213 761 2262 Sequitur
790 2213 1066 2262 pulcherrimus
1096 2214 1223 2259 Astur,
1446 2221 1504 2252 180

126 2274 241 2311 Astur
269 2285 368 2322 equo
396 2273 518 2310 fidens
546 2280 583 2311 et
612 2272 899 2310 versicoloribus
929 2273 1052 2310 armis.

127 2332 362 2370 Tercentum
389 2332 569 2369 adiiciunt
598 2331 723 2382 (mens
752 2332 932 2368 omnibus
960 2344 1037 2369 una
1066 2331 1267 2383 sequendi)

127 2392 192 2442 qui
221 2391 379 2429 Caerete
407 2391 537 2437 domo,
566 2392 630 2440 qui
660 2398 747 2428 sunt
776 2390 960 2428 Minionis
989 2392 1027 2428 in
1058 2393 1164 2437 arvis,

126 2458 164 2490 et
192 2450 303 2502 Pyrgi
331 2456 472 2488 veteres
500 2451 827 2500 intempestaeque
858 2449 1076 2489 Graviscae.
