1669 2737
156 42 234 86 128
734 50 961 88 AENEJS.

151 159 340 198 maximus
369 159 471 198 unde
500 166 616 209 pater,
646 160 678 198 si
706 160 775 197 rite
803 161 931 198 audita
959 160 1149 208 recordor,

153 218 326 256 Teucrus
355 218 549 256 Rhoeteas
579 219 744 268 primum
773 227 831 257 est
859 221 1040 258 advectus
1069 222 1108 258 in
1137 233 1225 259 oras

152 279 373 327 optavitque
402 278 531 314 locum
558 290 691 326 regno.
750 277 937 316 Nondum
966 280 1079 316 Ilium
1108 287 1146 317 et
1175 290 1283 317 arces

151 336 385 385 Pergameae
416 343 619 382 steterant;
657 337 882 374 habitabant
909 339 1068 376 vallibus
1097 339 1193 375 imis.

153 395 258 433 Hinc
288 395 413 432 Mater
441 395 575 432 cultrix
605 394 737 444 Cybeli
767 395 1077 447 Corybantiaque
1107 409 1195 435 aera

153 455 392 504 Idaeumque
421 466 580 500 nemus3
619 454 708 491 hinc
737 454 813 491 fida
842 456 990 493 silentia
1019 457 1149 502 sacris,

153 522 190 553 et
217 515 335 551 iuncti
363 526 514 552 currum
544 514 724 552 dominae
752 514 899 552 subiere
928 515 1071 553 leones.

152 577 258 626 Ergo
288 577 400 625 agite,
431 583 469 614 et
497 576 625 613 divum
654 576 799 613 ducunt
827 588 904 625 qua
932 578 1034 615 iussa
1063 589 1278 627 sequamur,

153 637 350 686 placemus
381 643 514 674 ventos
543 643 580 673 et
610 635 759 673 Gnosia
787 649 907 684 regna
935 645 1121 686 petamus.

155 696 239 734 Nec
269 696 387 745 longo
417 696 559 733 distant
588 707 725 732 cursu:
765 695 883 732 modo
914 695 1084 745 Iuppiter
1112 696 1223 740 adsit,

154 757 263 793 tertia
290 755 355 792 lux
386 755 548 793 classem
577 753 746 792 Cretaeis
776 755 881 792 sistet
910 755 948 791 in
977 754 1086 793 oris.''

156 815 218 853 Sic
248 815 346 852 fatus
375 815 531 852 meritos
561 814 634 851 aris
662 815 842 851 mactavit
870 814 1048 860 honores,

154 881 306 912 taurum
336 872 533 922 Neptuno,
563 880 713 909 taurum
742 873 820 918 tibi,
850 873 1008 921 pulcher
1036 873 1189 923 Apollo,

155 935 304 984 nigram
335 933 467 971 Hiemi
495 934 696 983 pecudem,
728 933 913 983 Zephyris
942 933 1112 971 felicibus
1143 934 1280 970 albam.

212 994 356 1031 ‘Fama
384 993 487 1031 volat
516 993 668 1042 pulsum
698 994 825 1041 regnis
854 994 1015 1030 cessisse
1043 993 1211 1042 paternis

156 1054 368 1092 Idomenea
397 1052 546 1097 ducem,
576 1052 800 1101 desertaque
828 1051 938 1089 litora
967 1051 1114 1097 Cretae,

156 1114 266 1151 hoste
295 1124 428 1149 vacare
458 1111 597 1148 domos
627 1111 815 1160 sedesque
845 1119 967 1148 astare
997 1111 1156 1149 relictas.

157 1172 385 1222 Linquimus
416 1170 596 1219 Ortygiae
626 1180 757 1220 portus
791 1171 1007 1220 pelagoque
1035 1171 1220 1216 volamus,

156 1234 458 1282 bacchatamque
487 1232 582 1281 iugis
612 1232 767 1269 Naxum
796 1232 1030 1281 viridemque
1059 1232 1271 1276 Donusam,

158 1294 343 1332 Olearum
371 1293 597 1340 niveamque
628 1291 767 1328 Parum
798 1304 1024 1341 sparsasque
1053 1304 1121 1341 per
1150 1303 1291 1340 aequor

159 1354 346 1405 Cycladas
375 1361 413 1390 et
441 1353 582 1390 crebris
611 1351 773 1401 legimus
802 1353 896 1390 freta
925 1353 1077 1390 concita
1105 1353 1222 1390 terris.

160 1417 346 1455 Nauticus
375 1414 541 1452 exoritur
568 1413 672 1452 vario
702 1415 907 1452 certamine
936 1414 1103 1460 clamor;

159 1478 358 1515 hortantur
387 1476 480 1513 socii
510 1474 664 1512 Cretam
693 1487 933 1524 proavosque
961 1482 1149 1524 petamus.

160 1537 406 1586 Prosequitur
435 1547 595 1584 surgens
625 1548 647 1572 a
676 1536 797 1584 puppi
825 1543 962 1573 ventus
991 1542 1138 1581 euntes,

161 1605 197 1636 et
225 1596 381 1635 tandem
410 1595 575 1644 antiquis
605 1594 788 1632 Curetum
817 1595 1014 1632 allabimur
1043 1595 1130 1632 oris.

159 1657 266 1706 Ergo
294 1654 426 1692 avidus
455 1666 586 1691 muros
615 1661 767 1703 optatae
796 1655 933 1691 molior
960 1655 1065 1692 urbis

161 1716 491 1765 Pergameamque
520 1725 629 1759 voco,
660 1720 696 1750 et
724 1715 863 1751 laetam
892 1715 1126 1763 cognomine
1154 1721 1311 1763 gentem

161 1775 294 1813 hortor
322 1785 451 1812 amare
481 1773 590 1810 focos
619 1785 822 1822 arcemque
857 1774 1025 1811 attollere
1054 1773 1172 1810 tectis.

162 1835 322 1884 Iamque
351 1833 428 1870 fere
457 1833 560 1870 sicco
590 1832 799 1870 subductae
829 1832 937 1870 litore
965 1845 1142 1882 puppes,

163 1893 336 1932 conubiis
365 1891 537 1941 arvisque
568 1891 676 1928 novis
707 1898 865 1941 operata
893 1892 1090 1938 iuventus;

162 1954 245 1990 iura
273 1952 489 1999 domosque
518 1951 668 1996 dabam,
700 1951 825 1988 subito
854 1963 943 1988 cum
971 1950 1101 1988 tabida
1128 1949 1310 1987 membris

164 2018 342 2060 corrupto
372 2010 466 2048 caeli
494 2017 615 2047 tractu
647 2010 940 2059 miserandaque
969 2011 1071 2048 venit

164 2072 437 2119 arboribusque
466 2070 632 2119 satisque
661 2069 743 2107 lues
772 2076 809 2107 et
836 2069 956 2106 letifer
988 2082 1123 2107 annus.

164 2130 408 2179 Linquebant
436 2129 565 2166 dulces
594 2129 742 2166 animas
770 2135 834 2166 aut
863 2141 978 2178 aegra
1005 2129 1206 2166 trahebant

165 2202 337 2239 corpora,
367 2196 449 2226 turn
478 2188 622 2226 steriles
651 2200 808 2225 exurere
839 2187 955 2226 Sirius
984 2200 1109 2237 agros,

165 2250 323 2287 arebant
351 2248 490 2285 herbae
520 2254 558 2286 et
586 2248 727 2285 victum
757 2260 868 2297 seges
897 2259 1012 2296 aegra
1040 2247 1217 2296 negabat.

166 2308 314 2345 Rursus
343 2308 392 2345 ad
420 2307 590 2345 oraclum
620 2307 800 2356 Ortygiae
830 2306 1107 2355 Phoebumque
1137 2317 1317 2344 remenso

165 2368 336 2405 hortatur
364 2373 470 2416 pater
498 2367 550 2404 ire
580 2367 673 2403 mari
702 2367 927 2415 veniamque
957 2366 1110 2415 precari,

167 2439 283 2478 quam
312 2426 420 2465 fessis
450 2426 566 2464 finem
595 2426 707 2465 rebus
737 2426 840 2473 ferat,
870 2425 972 2463 unde
1000 2424 1174 2463 laborum

1491 649 1550 680 115

1492 945 1552 968 120

1492 1245 1550 1275 125

1493 1546 1553 1578 130

1496 1844 1554 1875 Ι35

1497 2141 1557 2171 140

1496 2438 1553 2470 145
