1669 2737
106 94 131 133 6
662 98 944 134 BUCOLICA.

108 214 143 245 et
173 208 203 244 si
232 219 311 245 non
340 207 466 256 aliqua
494 206 704 251 nocuisses,
734 213 908 244 mortuus
938 219 1051 244 esses.

160 265 222 303 M.
252 266 357 312 Quid
387 266 533 303 domini
562 265 714 309 faciant,
744 265 884 302 audent
914 278 1002 303 cum
1033 266 1119 303 talia
1148 265 1274 302 fures?

109 326 200 364 Non
229 338 304 375 ego
333 332 369 363 te
399 325 473 362 vidi
502 324 703 371 Damonis,
732 326 910 374 pessime,
940 339 1098 375 caprum

108 386 283 434 excipere
313 384 470 430 insidiis,
499 384 662 421 multum
692 384 851 422 latrante
881 385 1067 434 Lycisca?

109 451 145 481 et
174 456 262 481 cum
291 443 495 481 clamarem
524 442 638 488 ‘Quo
668 456 770 480 nunc
801 456 840 481 se
869 444 1029 494 proripit
1058 444 1144 481 ille?

109 503 252 552 Tityre,
282 514 380 551 coge
410 501 571 551 pecusl’
609 509 650 539 tu
679 509 767 551 post
796 509 944 541 carecta
972 504 1126 541 latebas.

162 562 214 599 D.
244 563 309 599 An
337 562 431 598 mihi
461 562 654 599 cantando
683 562 803 599 victus
832 574 912 599 non
941 563 1115 600 redderet
1146 561 1206 598 ille

110 634 226 672 quem
255 634 341 660 mea
369 622 600 659 carminibus
629 622 829 659 meruisset
859 622 981 659 fistula
1010 622 1198 671 caprum?

112 682 149 719 Si
179 682 316 728 nescis,
346 694 454 719 meus
484 681 543 719 ille
573 693 686 730 caper
715 681 805 728 fuit;
848 689 884 718 et
914 682 1006 718 mihi
1035 682 1192 719 Damon

110 744 192 792 ipse
222 743 428 788 fatebatur;
470 742 537 779 sed
567 741 723 779 reddere
752 754 867 790 posse
896 743 1073 791 negabat.

164 801 226 839 M.
257 800 459 839 Cantando
488 807 528 837 tu
558 801 687 837 illum?
728 808 792 838 aut
820 813 1006 850 umquam
1035 802 1101 839 tibi
1132 803 1255 840 fistula
1285 815 1373 840 cera

111 864 238 900 iuncta
267 861 362 899 suit?
401 873 482 898 non
511 868 552 898 tu
582 861 620 897 in
649 861 774 906 triviis,
804 860 969 905 indocte,
1001 862 1152 900 solebas

112 921 283 960 stridenti
311 921 493 958 miserum
523 920 661 969 stipula
690 920 908 969 disperdere
938 923 1140 958 carmen?-

164 981 217 1018 D.
247 980 317 1018 Vis
346 993 437 1030 ergo
466 981 563 1016 inter
592 991 664 1017 nos
693 980 785 1028 quid
814 980 935 1029 possit
963 990 1122 1029 uterque
1152 981 1318 1019 vicissim

111 1041 377 1090 experiamur?
417 1052 490 1088 ego
520 1039 619 1076 hanc
648 1039 801 1076 vitulam
832 1039 896 1086 (ne
927 1038 1020 1076 forte
1049 1053 1214 1087 recuses,

111 1102 170 1138 bis
199 1100 300 1137 venit
329 1099 379 1137 ad
407 1099 619 1143 mulctram,
650 1099 761 1136 binos
791 1099 854 1135 alit
882 1099 998 1135 ubere
1028 1098 1142 1151 fetus)

112 1161 293 1210 depono:
332 1167 373 1198 tu
403 1160 474 1204 dic,
504 1171 657 1196 mecum
686 1171 763 1207 quo
793 1159 954 1208 pignore
984 1167 1114 1197 certes.

165 1219 227 1256 M.
257 1219 318 1257 De
346 1231 462 1268 grege
492 1230 573 1255 non
602 1219 725 1255 ausim
755 1219 960 1267 quicquam
990 1218 1185 1268 deponere
1213 1226 1366 1257 tecum:

112 1287 169 1318 est
196 1279 288 1315 mihi
316 1289 483 1327 namque
513 1277 617 1314 domi
648 1284 764 1326 pater,
794 1284 850 1315 est
878 1277 1017 1314 iniusta
1045 1290 1234 1325 noverca;

112 1341 246 1389 bisque
276 1339 337 1376 die
366 1344 568 1374 numerant
597 1338 712 1374 ambo
742 1349 872 1386 pecus,
902 1337 994 1374 alter
1024 1345 1061 1375 et
1089 1338 1247 1377 haedos.

112 1400 270 1443 Verum,
300 1398 338 1435 id
368 1397 472 1447 quod
501 1397 621 1434 multo
650 1403 728 1434 tute
758 1397 839 1445 ipse
869 1396 1034 1434 fatebere
1063 1397 1197 1443 maius,

113 1458 294 1511 (insanire
321 1457 412 1494 libet
441 1457 626 1506 quoniam
656 1455 736 1506 tibi)
765 1456 902 1505 pocula
930 1469 1075 1504 ponam

113 1519 253 1567 fagina,
283 1516 469 1554 caelatum
499 1515 612 1551 divini
642 1527 739 1564 opus
769 1515 1071 1553 Alcimedontis:

113 1579 216 1615 lenta
245 1576 382 1625 quibus
411 1582 522 1612 torno
553 1574 650 1611 facili
680 1586 793 1622 super
822 1573 948 1611 addita
977 1574 1060 1611 vitis

115 1636 274 1675 diffusos
303 1634 443 1673 hedera
471 1635 579 1671 vestit
607 1634 772 1683 pallente
801 1634 1017 1682 corymbos.

113 1696 161 1734 In
189 1695 319 1733 medio
349 1695 426 1732 duo
457 1695 577 1742 signa,
608 1692 749 1731 Conon
778 1693 954 1741 et-—quis
985 1692 1051 1729 fuit
1080 1691 1184 1739 alter,

115 1755 313 1804 descripsit
341 1753 447 1791 radio
477 1760 600 1790 totum
628 1753 692 1802 qui
721 1753 897 1801 gentibus
927 1752 1071 1798 orbem,

114 1822 290 1863 tempora
318 1825 416 1862 quae
445 1824 605 1858 messor,
634 1823 733 1860 quae
763 1823 898 1848 curvus
926 1817 1049 1847 arator
1077 1810 1259 1848 haberet?

115 1874 281 1912 necdum
310 1873 380 1909 illis
408 1872 515 1909 labra
545 1871 708 1915 admovi,
737 1871 804 1908 sed
833 1869 988 1907 condita
1016 1881 1136 1906 servo.

168 1932 222 1970 D.
251 1932 312 1979 Et
330 1932 441 1968 nobis
470 1931 572 1967 idem
602 1929 830 1967 Alcimedon
860 1929 937 1966 duo
967 1928 1106 1977 pocula
1134 1927 1233 1973 fecit,

115 2000 152 2031 et
180 1992 286 2029 molli
316 1992 458 2029 circum
488 1996 545 2027 est
574 2001 685 2026 ansas
714 1988 912 2036 amplexus
941 1987 1118 2032 acantho,

116 2052 349 2101 Orpheaque
378 2052 416 2088 in
445 2049 573 2087 medio
603 2048 730 2098 posuit
759 2047 946 2095 silvasque
976 2052 1201 2095 sequentes;

114 2111 280 2149 necdum
309 2110 379 2147 illis
408 2109 512 2146 labra
542 2107 705 2152 admovi,
736 2106 805 2144 sed
833 2105 990 2143 condita
1019 2117 1141 2142 servo.

115 2170 155 2207 Si
185 2170 234 2207 ad
262 2169 417 2205 vitulam
446 2175 607 2216 spectas,
637 2165 729 2203 nihil
757 2172 814 2202 est
844 2164 949 2214 quod
977 2164 1116 2213 pocula
1144 2162 1287 2202 laudes,

1462 216 1504 252 15ssr

1464 515 1504 538 20

1465 1113 1503 1144 33

1462 1707 1506 1738 40

1463 2002 1504 2033 45

167 2228 229 2265 M.
261 2227 485 2276 Numquam
514 2226 629 2264 hodie
659 2225 818 2274 effugies
834 2237 844 2270 3
884 2223 1032 2260 veniam
1061 2234 1306 2271 quocumque
1335 2221 1502 2267 vocaris3

115 2289 242 2326 audiat
269 2287 364 2324 haec
394 2284 653 2323 tantum—vel
683 2283 878 2333 qui·venit
907 2294 996 2319 ecce
1026 2281 1249 2318 Palaemon.

113 2348 298 2392 Efficiam,
328 2345 489 2395 posthac
518 2357 566 2381 ne
596 2355 829 2393 quemquam
859 2353 953 2380 voce
982 2341 1158 2378 lacessas.

167 2406 220 2443 D.
251 2405 356 2451 Quin
385 2417 468 2453 age,
499 2404 529 2441 si
559 2403 650 2453 quid
678 2402 818 2439 habes:
857 2401 897 2437 in
926 2411 988 2436 me
1017 2410 1127 2435 mora
1156 2409 1235 2435 non
1266 2398 1332 2434 erit
1361 2397 1437 2435 ulla

115 2478 187 2503 nec
217 2475 451 2514 quemquam
481 2462 599 2511 fugio,
628 2468 789 2506 tantum,
818 2460 940 2497 vicine
970 2458 1187 2507 Palaemon,

1462 2296 1504 2327 50
