1669 2737
563 74 729 109 LIBER
757 74 792 108 I.
824 80 1006 124 30—107.

88 186 173 231 illic,
204 183 371 223 officiant
396 183 503 221 laetis
533 195 582 221 ne
611 182 782 232 frugibus
810 175 964 226 herbae,

89 245 162 290 hic,
191 245 356 282 sterilem
386 244 547 292 exiguus
577 255 626 280 ne
656 243 802 279 deserat
831 253 943 278 umor
972 240 1167 278 harenam.

141 303 308 341 Alternis
337 303 440 340 idem
469 310 600 339 tonsas
629 313 780 339 cessare
810 300 977 344 novales,

90 369 126 400 et
154 374 314 411 segnem
342 362 484 410 patiere
514 361 587 398 situ
616 361 816 397 durescere
846 371 1053 407 campum;

89 428 153 458 aut
182 421 233 458 ibi
262 420 360 458 flava
390 432 491 458 seres
519 425 666 456 mutato
696 419 816 456 sidere
845 418 957 461 farra,

90 479 192 516 unde
220 479 325 528 prius
353 479 494 516 laetum
525 478 659 527 siliqua
689 483 892 526 quassante
921 476 1100 525 legumen

90 545 154 575 aut
181 544 313 575 tenues
343 538 439 575 fetus
468 538 585 574 viciae
615 537 803 585 tristisque
832 536 952 585 lupini

90 596 283 635 sustuleris
312 597 464 645 fragiles
494 596 662 634 calamos
692 596 900 644 silvamque
930 601 1144 632 sonantem.

91 656 174 693 Urit
202 657 303 693 enim
332 656 398 692 lini
427 667 607 703 campum
636 666 757 703 seges
788 655 860 690 urit
894 665 1048 697 avenae,

91 721 204 751 urunt
232 714 403 752 Lethaeo
433 714 584 764 perfusa
612 725 800 762 papavera
829 725 992 750 somno:

91 773 159 811 sed
189 780 315 811 tamen
345 774 496 810 alternis
525 773 644 810 facilis
674 773 791 818 labor,
821 772 924 810 arida
952 778 1101 809 tantum

90 845 139 869 ne
168 840 336 869 saturare
366 833 458 869 fimo
489 832 621 881 pingui
650 831 792 880 pudeat
821 831 903 868 sola
932 843 1027 867 neve

91 893 225 930 effetos
254 894 423 932 cinerem
452 893 694 930 immundum
722 893 860 930 iactare
890 905 957 941 per
985 904 1111 940 agros,

93 951 155 989 Sic
184 964 340 1002 quoque
369 954 524 990 mutatis
553 953 796 1001 requiescunt
825 951 962 988 fetibus
992 963 1101 995 arva;

91 1023 163 1049 nec
191 1012 295 1049 nulla
324 1013 468 1049 interea
497 1019 554 1049 est
583 1012 753 1048 inaratae
782 1011 902 1059 gratia
931 1018 1061 1047 terrae.

93 1070 217 1120 Saepe
246 1072 361 1110 etiam
391 1072 535 1110 steriles
563 1071 768 1108 incendere
799 1069 940 1119 profuit
969 1081 1095 1117 agros,

92 1136 206 1180 atque
233 1131 357 1169 levem
387 1131 567 1181 stipulam
596 1131 867 1179 crepitantibus
896 1141 1002 1166 urere
1032 1128 1220 1165 flammis:

92 1189 169 1227 sive
197 1191 286 1228 inde
315 1192 485 1229 occultas
513 1191 611 1227 vires
641 1197 676 1226 et
706 1188 846 1238 pabula
875 1197 994 1225 terrae

92 1249 248 1297 pinguia
277 1251 509 1300 concipiunt,
535 1250 611 1287 sive
640 1249 711 1285 illis
741 1260 856 1285 omne
886 1260 954 1296 per
983 1247 1111 1295 ignem

92 1309 316 1357 excoquitur
344 1311 474 1346 vitium
504 1317 617 1358 atque
647 1308 810 1345 exsudat
839 1307 977 1343 inutilis
1008 1317 1129 1351 umor,

92 1380 160 1405 seu
188 1368 316 1417 plures
346 1370 449 1407 calor
477 1369 538 1406 ille
566 1369 645 1405 vias
675 1374 712 1404 et
742 1379 857 1404 caeca
886 1366 1028 1403 relaxat

92 1427 333 1475 spiramenta,
364 1440 482 1465 novas
502 1429 629 1465 veniat
658 1439 734 1475 qua
762 1438 876 1462 sucus
905 1426 943 1462 in
972 1425 1133 1469 herbas;

93 1499 161 1524 seu
189 1487 298 1525 durat
326 1489 460 1537 magis,
491 1494 528 1525 et
556 1499 673 1524 venas
703 1485 904 1534 adstringit
933 1485 1094 1528 hiantes,

93 1558 142 1583 ne
170 1552 304 1584 tenues
333 1548 483 1597 pluviae
510 1547 678 1596 rapidive
708 1545 879 1594 potentia
910 1543 1000 1581 solis

93 1606 216 1643 acrior
245 1614 310 1644 aut
338 1607 487 1644 Boreae
514 1605 747 1655 penetrabile
777 1604 894 1653 frigus
925 1603 1069 1640 adurat.

95 1664 262 1702 Multum
291 1666 401 1711 adeo,
431 1665 560 1702 rastris
589 1664 744 1713 glaebas
773 1664 836 1712 qui
866 1662 1004 1711 frangit
1032 1663 1172 1699 inertes

94 1724 354 1774 vimineasque
381 1724 495 1762 trahit
523 1731 654 1768 crates,
683 1723 784 1759 iuvat
812 1734 911 1766 arva,
941 1733 1067 1769 neque
1096 1721 1202 1757 illum

95 1782 194 1820 flava
222 1782 340 1822 Ceres
369 1784 446 1821 alto
476 1783 710 1832 nequiquam
740 1788 886 1831 spectat
915 1780 1107 1829 Olymp0;

96 1849 134 1879 et
162 1842 237 1891 qui,
269 1844 463 1892 proscisso
492 1854 592 1892 quae
621 1841 776 1878 suscitat
805 1852 972 1889 aequore
1001 1846 1119 1888 terga,

96 1913 224 1939 rursus
253 1902 292 1938 in
321 1903 523 1951 obliquum
552 1912 661 1938 verso
690 1900 900 1949 perrumpit
933 1905 1057 1935 aratro

97 1967 325 2010 exercetque
354 1961 535 2011 frequens
563 1960 735 1997 tellurem
764 1964 877 2007 atque
906 1959 1066 2006 imperat
1096 1957 1204 1994 arvis,

151 2019 296 2057 Umida
325 2021 485 2058 solstitia
513 2027 628 2069 atque
657 2018 804 2056 hiemes
829 2014 939 2055 ‘orate
969 2028 1132 2062 serenas,

99 2080 312 2129 agricolae:
342 2080 504 2118 hiberno
532 2079 739 2117 laetissima
767 2077 919 2127 pulvere
949 2076 1057 2121 farra,

99 2140 218 2177 laetus
247 2152 360 2189 ager;
400 2139 504 2177 nullo
534 2145 682 2176 tantum
712 2149 753 2174 se
783 2136 910 2185 Mysia
939 2135 1041 2173 cultu

101 2199 214 2236 iactat
242 2205 280 2236 et
307 2200 392 2248 ipsa
421 2210 509 2236 suas
538 2198 723 2235 mirantur
753 2196 926 2244 Gargara
954 2206 1111 2232 messes.

103 2258 208 2304 Quid
234 2258 368 2304 dicam,
400 2258 499 2295 iacto
529 2257 594 2306 qui
623 2256 769 2293 semine
799 2254 1017 2292 cornminus
1045 2266 1134 2290 arva

102 2317 323 2366 insequitur,
353 2317 606 2365 cumulosque
635 2316 707 2352 ruit
736 2314 835 2351 male
864 2313 1017 2362 pinguis
1046 2312 1221 2357 harenae,

103 2376 241 2413 deinde
269 2376 359 2413 satis
388 2376 544 2412 fluvium
573 2374 716 2411 inducit
745 2374 919 2422 rivosque
949 2378 1163 2421 sequentes,

104 2441 152 2482 et,
181 2447 270 2472 cum
299 2441 453 2472 exustus
483 2446 573 2483 ager
601 2433 851 2471 morientibus
881 2438 1027 2469 aestuat
1055 2430 1193 2475 herbis,

1441 836 1481 865 So

1442 1439 1485 1470 90

1447 1736 1486 1767 95

1430 2030 1491 2053 100

1435 2324 1493 2356 105
