1669 2737
581 74 750 109 LIBER
778 75 805 108 l
809 75 848 110 V.
879 68 1090 122 497-566.

142 197 310 234 namque
340 184 487 222 dabunt
514 183 666 222 veniam
694 184 802 228 votis,
832 183 983 232 irasque
1011 182 1214 219 remittent.

144 246 221 284 Sed
248 245 388 283 modus
416 244 551 282 orandi
581 245 645 294 qui
675 245 731 289 sit,
762 245 866 293 prius
895 243 1028 280 ordine
1058 243 1194 280 dicam.

143 305 335 351 Quattuor
363 304 524 341 eximios
552 303 761 353 praestanti
789 314 951 351 corpore
980 310 1119 346 tauros,

141 365 206 412 qui
234 364 300 401 tibi
329 375 431 400 nunc
460 363 588 400 viridis
617 363 829 412 depascunt
858 374 1010 399 summa
1038 361 1191 410 Lycaei,

141 424 277 472 delige,
308 431 346 460 et
373 424 515 460 intacta
545 423 707 460 totidem
737 423 883 460 cervice
913 422 1105 459 iuvencas.

141 482 334 529 Quattuor
361 483 419 520 his
449 495 531 520 aras
561 482 636 519 alta
664 481 713 519 ad
743 481 901 519 delubra
931 481 1088 519 dearum

141 543 341 587 constitue,
371 549 409 579 et
437 554 587 579 sacrum
615 541 755 590 iugulis
784 541 940 578 demitte
970 553 1158 585 cruorem,

140 613 381 651 corporaque
411 602 494 650 ipsa
523 602 643 638 bourn
675 600 860 638 frondoso
891 600 1024 637 desere
1054 600 1153 637 luco.

139 661 233 698 Post
262 662 327 698 ubi
357 673 462 698 nona
491 672 583 698 suos
612 662 765 697 Aurora
794 660 1006 697 ostenderit
1036 667 1153 705 ortus,

139 720 291 758 inferias
321 719 466 769 Orphei
496 719 668 758 Lethaea
698 731 887 768 papavera
915 720 1054 764 mittes,

140 787 176 816 et
204 781 353 828 nigram
382 780 567 816 mactabis
597 791 720 824 ovem,
750 779 957 828 lucumque
986 779 1151 816 revises:

139 839 330 889 placatam
359 839 574 888 Eurydicen
603 838 718 875 vitula
747 839 975 875 venerabere
1004 838 1140 876 caesa.’

192 898 312 935 Haud
340 910 469 936 mora:
508 899 694 936 continuo
724 899 853 935 matris
883 906 1087 947 praecepta
1117 899 1268 936 facessit
1284 910 1294 944 3

139 958 189 995 ad
217 957 373 994 delubra
401 957 514 1003 venit,
542 965 774 995 monstratas
804 958 943 995 excitat
973 970 1067 1002 aras,

139 1024 317 1066 quattuor
345 1018 506 1055 eximios
535 1017 740 1066 praestanti
770 1029 932 1066 corpore
963 1025 1092 1054 tauros

139 1076 243 1113 ducit
271 1083 309 1113 et
337 1077 478 1113 intacta
506 1076 667 1113 totidem
696 1076 842 1114 cervice
872 1077 1065 1114 iuvencas.

138 1135 232 1172 Post
259 1136 324 1172 ubi
353 1147 457 1172 nona
486 1147 578 1172 suos
606 1136 758 1172 Aurora
784 1135 985 1172 induxerat
1015 1144 1133 1181 ortus,

138 1195 290 1232 inferias
321 1194 466 1244 Orphei
495 1195 618 1241 mittit,
650 1195 858 1243 lucumque
888 1195 1025 1232 revisit.

139 1254 217 1292 Hic
245 1267 335 1292 vero
366 1255 533 1291 subitum
562 1267 606 1292 ac
636 1254 739 1292 dictu
767 1254 938 1291 mirabile
968 1261 1187 1292 monstrum

139 1315 339 1362 aspiciunt,
368 1313 569 1363 liquefacta
597 1315 717 1351 boum
746 1326 815 1362 per
843 1315 990 1351 viscera
1019 1321 1100 1351 toto

139 1374 294 1412 stridere
322 1386 415 1423 apes
444 1382 552 1411 utero
583 1380 620 1410 et
648 1374 769 1423 ruptis
799 1373 980 1410 effervere
1011 1375 1140 1418 costis,

138 1433 425 1482 immensasque
454 1433 550 1470 trahi
579 1434 711 1479 nubes,
742 1433 895 1482 iamque
926 1434 1060 1470 arbore
1094 1445 1246 1471 summa

139 1492 333 1530 confluere
362 1500 398 1529 et
425 1492 534 1530 lentis
563 1504 678 1529 uvam
707 1492 906 1529 demittere
936 1492 1063 1529 ramis.

193 1551 304 1590 Haec
333 1564 447 1601 super
475 1563 652 1589 arvorum
683 1551 785 1589 cultu
816 1563 1078 1600 pecorumque
1107 1553 1296 1590 canebam

137 1617 176 1648 et
204 1624 318 1661 super
345 1612 555 1656 arboribus,
586 1610 727 1648 Caesar
756 1611 849 1648 dum
877 1623 1042 1660 magnus
1072 1611 1120 1649 ad
1150 1612 1268 1649 altum

138 1670 311 1708 fulminat
338 1670 563 1721 Euphraten
593 1670 704 1715 bello,
735 1671 931 1719 victorque
960 1670 1132 1709 volentes

139 1743 207 1779 per
234 1731 400 1780 populos
429 1731 494 1768 dat
521 1731 612 1775 iura,
641 1730 818 1779 viamque
847 1729 1000 1767 affectat
1030 1729 1210 1780 Olympo.

138 1790 209 1827 1110
238 1789 451 1839 Vergilium
478 1802 540 1826 me
571 1797 743 1838 ternpore
773 1788 892 1826 dulcis
921 1789 1046 1826 alebat

138 1849 380 1899 Parthenope
411 1849 542 1886 studiis
572 1848 773 1886 florentem
802 1848 982 1896 ignobilis
1011 1850 1076 1894 oti,

139 1910 308 1947 carmina
336 1910 401 1959 qui
428 1908 499 1945 lusi
527 1916 736 1958 pastorum,
765 1907 967 1956 audaxque
996 1909 1157 1953 iuventa,

139 1967 282 2018 Tityre,
311 1977 348 2007 te
377 1968 528 2019 patulae
558 1968 679 2007 cecini
707 1969 778 2006 sub
807 1968 976 2017 tegmine
1006 1967 1092 2017 fagi.

796 2537 860 2565 62

1472 435 1535 467 540

1473 735 1532 766 545

1468 1342 1528 1362 COD

1466 1623 1530 1662 560

1463 1928 1524 1958 505
