1669 2737
114 68 197 124 338
298 109 305 115 ,
700 72 928 113 AENEJS.

168 183 245 220 Vix
275 195 320 220 ea
350 181 446 219 fatus
476 188 581 219 erat:
621 181 770 219 medios
799 181 901 219 volat
930 194 1021 219 ecce
1051 194 1120 231 per
1147 181 1280 219 hostes

114 250 245 282 vectus
275 254 376 292 equo
406 248 609 291 spumante
641 241 770 287 Saces,
801 242 958 279 adversa
988 242 1126 290 sagitta
1197 235 1200 239 ’

116 304 266 342 saucius
296 314 374 348 ora,
405 302 553 351 ruitque
583 302 793 351 implorans
823 303 982 339 nomine
1013 301 1215 338 Turnum:

116 363 285 407 ‘Turne,
314 362 354 399 in
381 368 418 399 te
449 373 629 411 suprema
659 362 784 403 salus:
824 362 1003 399 miserere
1033 368 1198 398 tuorum.

116 423 311 461 Fulminat
340 422 493 458 Aeneas
523 422 638 458 armis
669 434 917 470 summasque
948 421 1114 457 minatur

118 483 353 521 deiecturum
383 493 489 518 arces
519 480 658 518 Italum
688 481 915 530 excidioque
947 482 1146 526 daturum

118 543 272 592 iamque
303 541 405 579 faces
429 540 479 578 ad
507 547 608 578 tecta
636 541 776 578 volant.
836 541 882 578 In
911 548 948 578 te
978 553 1043 578 ora
1075 540 1212 585 Latini,

117 603 157 640 in
187 609 223 639 te
254 601 387 638 oculos
417 600 605 647 referunt3
645 607 792 638 mussat
820 613 887 638 rex
916 601 998 650 ipse
1029 600 1201 645 Latinus,

119 673 217 711 quos
248 672 413 710 generos
442 667 553 697 vocet
582 666 645 697 aut
676 673 774 709 quae
805 672 891 698 sese
922 661 971 697 ad
1000 661 1158 698 foedera
1188 660 1325 698 flectat.

118 722 319 759 Praeterea
347 720 489 769 regina,
521 719 574 756 tui
605 719 800 765 fidissima,
831 720 965 757 dextra

120 783 261 821 occidit
290 783 372 831 ipsa
402 793 471 818 sua
500 780 703 829 lucemque
734 781 911 818 exterrita
939 781 1045 829 fugit.

121 842 201 880 Soli
230 853 301 891 pro
327 841 445 890 portis
476 839 683 888 Messapus
714 847 751 877 et
780 852 867 877 acer
896 840 1031 877 Atinas

120 908 335 940 sustentant
365 900 499 937 aciem.
559 899 714 937 Circum
745 900 817 937 hos
847 900 1037 948 utrimque
1067 900 1281 950 phalanges

122 968 224 999 stant
253 960 394 997 densae
425 959 639 1007 strictisque
670 971 781 1008 seges
810 960 1061 996 mucronibus
1091 959 1218 997 horret

122 1022 263 1059 ferrea:
302 1027 342 1056 tu
371 1031 525 1075 currum
557 1019 708 1056 deserto
738 1020 776 1055 in
806 1019 979 1068 gramine
1009 1019 1164 1057 versas!

123 1080 333 1128 Obstupuit
362 1079 462 1115 varia
491 1078 674 1116 confusus
704 1079 871 1127 imagine
901 1091 1028 1116 rerum

124 1141 281 1178 Turnus
311 1146 347 1176 et
377 1139 516 1175 obtutu
545 1139 661 1175 tacito
693 1139 803 1176 stetit.
861 1139 1022 1176 Aestuat
1056 1139 1193 1188 ingens

122 1213 201 1238 uno
232 1201 271 1237 in
301 1199 417 1237 corde
448 1198 575 1247 pudor
604 1199 804 1248 mixtoque
834 1199 982 1236 insania
1011 1199 1113 1237 luctu

125 1268 161 1298 et
191 1259 295 1297 furiis
325 1259 489 1308 agitatus
517 1270 625 1295 amor
654 1265 692 1295 et
721 1259 878 1296 conscia
906 1260 1032 1296 virtus.

126 1319 180 1356 Ut
209 1319 376 1368 primurn
406 1318 600 1355 discussae
630 1319 789 1355 umbrae
819 1326 855 1356 et
885 1319 949 1356 lux
978 1319 1126 1357 reddita
1155 1319 1285 1365 menti,

125 1379 304 1417 ardentes
334 1378 534 1415 oculorum
564 1379 676 1415 orbes
706 1378 756 1415 ad
785 1379 942 1416 moenia
971 1379 1080 1415 torsit

125 1438 310 1482 turbidus,
341 1450 438 1486 eque
468 1438 561 1475 rotis
590 1450 772 1486 magnam
802 1439 971 1487 respexit
1000 1438 1049 1475 ad
1078 1438 1223 1476 urbem.

126 1498 229 1535 Ecce
259 1504 386 1534 autern
416 1496 581 1534 flammis
612 1497 708 1533 inter
737 1497 905 1534 tabulata
934 1497 1085 1534 volutus

128 1557 178 1595 ad
207 1556 355 1594 caelum
385 1556 557 1593 undabat
585 1566 716 1594 vertex
746 1558 954 1606 turrimque
984 1558 1147 1602 tenebat,

128 1617 272 1661 turrim,
303 1616 516 1664 compactis
546 1616 715 1653 trabibus
746 1629 863 1665 quam
893 1616 1075 1653 eduxerat
1105 1617 1187 1665 ipse

131 1675 427 1724 subdideratque
456 1682 560 1712 rotas
591 1680 806 1724 pontesque
837 1677 1058 1713 instraverat
1087 1676 1195 1713 altos.

131 1736 238 1773 ‘Iam
267 1735 343 1771 iam
374 1734 460 1780 fata,
493 1747 612 1780 soror,
643 1742 847 1783 superant;
888 1735 1027 1772 absiste
1055 1735 1216 1781 morari;

132 1808 209 1845 quo
241 1795 335 1832 deus
366 1802 403 1831 et
433 1806 510 1844 quo
541 1795 635 1832 dura
665 1802 777 1832 vocat
806 1794 989 1839 Fortuna,
1020 1807 1236 1844 sequamur.

134 1855 215 1893 Stat
245 1855 414 1892 conferre
444 1867 603 1892 manum
633 1855 801 1900 Aeneae,
833 1862 906 1894 stat
936 1855 1121 1904 quidquid
1151 1855 1277 1892 acerbi
1306 1863 1363 1893 est

132 1922 255 1952 morte
285 1916 386 1964 pati;
426 1927 552 1964 neque
582 1927 644 1952 me
674 1915 908 1960 indecorem,
938 1927 1132 1963 germana,
1163 1915 1306 1965 videbis

135 1974 311 2023 amplius.
371 1974 502 2019 Hunc,
533 1986 613 2019 oro,
646 1975 728 2011 sine
756 1986 818 2011 me
849 1973 968 2011 furere
998 1982 1086 2010 ante
1115 1973 1306 2011 furorem!

134 2034 249 2079 Dixit,
281 2040 316 2071 et
344 2045 365 2071 e
395 2046 505 2071 curru
536 2034 675 2071 saltum
705 2034 809 2071 dedit
839 2035 946 2071 ocius
976 2034 1072 2070 arvis

136 2105 283 2142 perque
312 2093 453 2138 hostes,
484 2105 552 2142 per
582 2093 656 2130 tela
685 2094 758 2130 ruit
787 2101 1052 2142 maestamque
1082 2105 1253 2130 sororem

137 2152 278 2190 deserit
307 2164 352 2189 ac
381 2152 514 2201 rapido
545 2164 657 2189 cursu
686 2152 813 2189 media
843 2153 999 2201 agmina
1027 2152 1178 2201 rumpit.

137 2213 196 2248 Ac
225 2212 340 2248 veluti
369 2212 511 2249 montis
542 2224 678 2249 saxum
708 2212 756 2249 de
785 2213 924 2249 vertice
953 2224 1138 2261 praeceps

139 2283 228 2308 curn
258 2271 331 2307 ruit
360 2271 531 2307 avulsum
561 2269 685 2316 vento,
717 2283 785 2309 seu
813 2272 986 2309 turbidus
1015 2271 1137 2308 imber

139 2331 281 2380 proluit
310 2338 374 2368 aut
402 2332 513 2368 annis
544 2331 653 2368 solvit
683 2332 864 2380 sublapsa
891 2339 1068 2377 vetustas,

140 2391 255 2427 fertur
283 2391 321 2427 in
349 2391 554 2440 abruptum
583 2403 728 2440 magno
758 2403 870 2428 mons
900 2392 1099 2440 improbus
1129 2397 1215 2428 actu

141 2449 381 2500 exsultatque
410 2450 504 2496 solo,
536 2450 635 2488 silvis
666 2458 839 2488 armenta
867 2451 1044 2500 virosque

1444 187 1508 228 650

1453 785 1515 817 660

1455 1084 1518 1124 665

1465 1979 1529 2010 680

1467 2275 1527 2315 685
