1669 2737
125 90 204 130 166
701 97 925 136 AENEIS.

122 205 305 244 excierat:
345 206 444 245 laeto
475 206 713 256 complerant
740 206 851 245 litora
879 213 991 245 coetu

121 265 233 302 visuri
261 266 476 311 Aeneadas,
505 278 593 315 pars
621 272 658 303 et
687 273 828 303 certare
857 267 991 315 parati.

122 323 286 361 Munera
313 325 499 373 principio
529 331 617 362 ante
647 324 781 362 oculos
810 325 986 373 circoque
1016 324 1190 362 locantur

121 384 161 419 in
188 384 328 429 medio,
358 384 453 421 sacri
481 384 650 432 tripodes
678 384 891 433 viridesque
921 396 1086 421 coronae

123 449 159 480 et
186 443 335 492 palmae
364 444 527 492 pretium
556 443 771 486 victoribus,
801 455 984 493 armaque
1014 449 1051 480 et
1080 449 1185 480 ostro

122 501 297 551 perfusae
325 509 459 547 vestes,
489 502 635 550 argenti
663 502 818 550 aurique
847 502 987 539 talenta
1002 513 1012 548 3

122 568 159 598 et
187 562 277 598 tuba
306 562 535 599 commissos
565 561 694 598 medio
724 562 824 598 canit
854 573 995 609 aggere
1025 560 1150 598 ludos.

123 620 248 657 Prima
276 632 387 670 pares
416 620 548 657 ineunt
576 620 754 669 gravibus
783 621 992 657 certamina
1020 619 1136 656 remis

123 686 301 728 quattuor
329 692 375 717 ex
405 680 511 716 omni
541 680 708 717 delectae
738 679 858 717 classe
887 679 1048 716 carinae.

122 738 309 776 Velocem
339 738 561 776 Mnestheus
590 739 667 787 agit
697 739 771 775 acri
801 738 945 786 remige
975 737 1140 782 Pristim,

122 810 214 835 mox
244 798 359 835 Italus
389 797 626 842 Mnestheus,
655 810 777 846 genus
806 809 828 834 a
857 809 934 846 quo
965 798 1121 834 nomine
1152 796 1324 842 Memmi,

122 859 396 908 ingentemque
425 857 531 907 Gyas
559 858 703 907 ingenti
731 858 834 895 mole
863 857 1120 902 Chimaeram,

123 919 224 956 urbis
252 930 360 967 opus,
391 918 524 966 triplici
554 919 676 967 pubes
705 929 821 967 quarn
851 916 1033 953 Dardana
1061 928 1169 953 versu

122 977 329 1028 impellunt,
360 983 468 1014 terno
498 984 735 1025 consurgunt
764 976 898 1014 ordine
926 976 1032 1020 remi,

124 1038 408 1087 Sergestusque‚
439 1036 577 1073 domus
607 1043 710 1074 tenet
739 1047 761 1072 a
790 1047 867 1084 quo
899 1035 1029 1083 Sergia
1059 1046 1215 1079 nomen,

123 1097 315 1135 Centauro
344 1095 530 1133 invehitur
558 1108 711 1145 magna,
744 1095 945 1144 Scyllaque
977 1094 1190 1131 Cloanthus

123 1157 306 1201 caerulea,
338 1167 458 1205 genus
486 1154 590 1193 unde
617 1156 695 1199 tibi,
729 1154 907 1192 Romane
938 1153 1101 1190 Cluenti.

175 1216 245 1254 Est
272 1214 404 1265 procul
432 1215 471 1251 in
499 1214 639 1263 pelago
668 1225 804 1251 saxum
833 1212 1050 1262 spumantia
1079 1218 1213 1249 contra

121 1277 241 1320 litora,
271 1274 377 1324 quod
405 1273 558 1311 tumidis
587 1275 827 1311 submersum
856 1272 1025 1309 tunditur
1053 1271 1145 1308 olim

122 1336 309 1379 fluctibus,
339 1333 486 1370 hiberni
516 1332 687 1370 condunt
716 1332 781 1369 ubi
810 1331 934 1369 sidera
963 1331 1054 1368 Cori
1068 1343 1081 1377 3

122 1394 322 1444 tranquillo
350 1393 434 1430 silet
461 1393 698 1441 immotaque
727 1391 906 1428 attollitur
933 1390 1037 1427 unda

122 1466 281 1503 campus
311 1458 348 1489 et
376 1452 511 1501 apricis
541 1452 653 1489 statio
683 1451 898 1500 gratissima
927 1450 1078 1498 mergis.

122 1513 200 1551 Hic
227 1512 384 1549 viridem
415 1512 571 1548 Aeneas
600 1511 795 1548 frondenti
824 1522 871 1547 ex
901 1510 984 1546 ilice
1013 1515 1155 1546 metam

122 1571 314 1611 constituit
343 1571 496 1618 signum
524 1570 650 1607 nautis
679 1576 796 1619 pater,
830 1568 931 1605 unde
961 1568 1093 1605 reverti

122 1634 260 1672 scirent
289 1637 325 1670 et
353 1632 492 1681 longos
515 1631 580 1668 ubi
610 1631 907 1668 circumflectere
937 1641 1081 1667 cursus.

121 1694 226 1731 Tum
254 1691 341 1729 loca
370 1697 471 1728 sorte
500 1690 644 1738 legunt,
674 1690 823 1738 ipsique
853 1689 890 1725 in
921 1689 1115 1737 puppibus
1145 1699 1238 1725 auro

123 1752 300 1790 ductores
328 1750 443 1799 longe
473 1750 655 1798 effulgent
684 1755 865 1797 ostroque
895 1747 1050 1793 decori3

123 1818 249 1849 cetera
276 1810 446 1858 populea
474 1809 616 1846 velatur
645 1808 781 1846 fronde
810 1808 983 1844 iuventus

123 1871 366 1919 nudatosque
395 1881 549 1906 umeros
579 1869 666 1906 oleo
695 1867 848 1917 perfusa
877 1866 1037 1904 nitescit.

124 1930 340 1969 Considunt
369 1929 551 1974 transtris,
581 1929 802 1976 intentaque
829 1925 1006 1963 bracchia
1035 1926 1172 1970 remis;

123 1990 257 2027 intenti
286 1994 511 2038 exspectant
540 1988 703 2037 signum,
735 1985 1038 2034 exsultantiaque
1068 1985 1189 2022 haurit

125 2049 241 2087 corda
269 2060 386 2098 pavor
415 2047 571 2096 pulsans
599 2046 833 2094 laudumque
862 2051 1006 2081 arrecta
1034 2044 1185 2092 cupido.

125 2109 221 2146 Inde
249 2108 316 2145 ubi
345 2107 445 2144 clara
475 2106 578 2144 dedit
607 2106 776 2144 sonitum
805 2105 905 2149 tuba,
937 2103 1073 2140 finibus
1103 2114 1251 2147 omnes,

124 2167 227 2205 haud
256 2179 376 2211 mora,
406 2166 612 2216 prosiluere
642 2165 741 2202 suis:
786 2163 868 2201 ferit
896 2162 1048 2200 aethera
1077 2162 1221 2199 clamor

125 2227 311 2271 nauticus,
342 2226 516 2263 adductis
546 2230 727 2274 spumant
756 2223 848 2260 freta
876 2234 982 2259 versa
1010 2221 1168 2258 lacertis.

127 2286 324 2323 Infindunt
354 2286 491 2334 pariter
519 2285 658 2329 sulcos,
688 2289 887 2332 totumque
916 2281 1075 2318 dehiscit

127 2345 352 2383 convulsum
381 2344 494 2381 remis
522 2344 731 2392 rostrisque
761 2341 983 2379 tridentibus
1011 2351 1164 2388 aequor.

127 2404 220 2442 Non
251 2410 329 2441 tam
358 2403 587 2453 praecipites
616 2403 747 2451 biiugo
777 2400 983 2439 certamine
1012 2410 1192 2448 campum

129 2465 342 2514 corripuere
372 2470 562 2512 ruuntque
592 2463 701 2500 effusi
731 2473 880 2499 carcere
909 2471 1051 2505 currus,

1445 397 1506 420 110

1445 693 1505 724 115

1447 991 1507 1013 120

1446 1286 1505 1318 125

1446 1582 1508 1613 130

1449 1883 1507 1913 135

1451 2178 1510 2209 140

1453 2473 1511 2505 145
