1669 2737
119 45 198 87 126>
698 49 923 87 AENEIS.

114 164 212 200 ferro
241 162 413 200 accincta
441 167 562 200 vocat.

115 222 199 258 Iam
228 233 397 258 summas
426 233 532 258 arces
562 219 738 257 Tritonia
767 218 947 271 (respice)
976 219 1103 259 Pallas

114 279 264 325 insedit,
293 280 426 316 nimbo
456 279 644 327 effulgens
673 285 710 315 et
740 277 927 327 Gorgone
956 291 1082 316 saeva,

113 339 204 388 Ipse
232 345 341 388 pater
368 337 516 375 Danais
545 338 693 375 animos
722 338 895 387 viresque
925 338 1115 376 secundas

115 402 262 449 sufficit,
291 401 373 450 ipse
402 400 498 438 deos
526 400 565 436 in
593 399 776 437 Dardana
805 400 962 437 suscitat
988 412 1106 438 arma.

113 461 240 510 Eripe,
271 467 372 506 nate,
402 459 546 508 fugam,
576 459 768 508 finemque
798 459 954 508 impone
983 459 1114 497 labori.

113 520 319 569 Nusquam
348 519 463 556 abero
492 525 530 555 et
557 524 680 555 tutum
709 518 832 567 patrio
862 525 899 555 te
928 518 1056 555 limine
1087 517 1255 555 sistam.’'

113 580 284 625 Dixerat,
314 586 350 617 et
380 579 511 629 spissis
540 579 664 616 noctis
694 590 734 615 se
764 578 935 616 condidit
962 578 1117 616 umbris.

113 640 313 689 Apparent
342 639 444 676 dirae
473 637 588 675 facies
618 637 849 686 inimicaque
879 636 1022 675 Troiae

114 698 273 735 numina
301 709 445 746 magna
473 697 599 734 deum.

170 757 300 795 ‘Tum
328 769 417 794 vero
448 768 563 793 omne
592 756 685 793 mihi
714 756 836 794 visum
868 756 1068 795 considere
1099 757 1137 794 in
1168 757 1278 806 ignes

113 818 227 856 Ilium
256 823 293 854 et
322 829 369 854 ex
399 817 477 853 irno
506 817 600 853 verti
629 816 828 866 Neptunia
856 817 999 864 Troia;

114 892 160 917 ae
188 878 301 915 veluti
330 878 489 915 summis
518 878 717 926 antiquam
747 878 786 914 in
814 878 1010 915 montibus
1039 890 1177 915 ornum

115 952 204 978 curn
234 939 334 976 ferro
364 938 529 975 accisam
559 938 777 987 crebrisque
807 938 1039 987 bipennibus
1068 939 1211 976 instant

115 1011 245 1037 eruere
274 997 463 1046 agricolae
493 997 676 1043 certatim,
707 997 769 1034 illa
798 1009 919 1047 usque
947 998 1113 1034 minatur

115 1067 153 1097 et
179 1058 400 1096 tremefacta
429 1069 583 1094 comam
613 1069 805 1095 concusso
835 1058 972 1095 vertice
1002 1064 1120 1100 nutat,

115 1119 334 1157 mineribus
361 1118 486 1155 donec
516 1118 698 1166 paulatim
729 1118 855 1155 evicta
888 1129 1109 1167 supremum

118 1177 340 1227 congemuit
369 1177 555 1226 traxitque
585 1177 683 1225 iugis
713 1177 843 1214 avulsa
871 1177 1032 1213 ruinam.

116 1237 335 1283 Descendo,
367 1249 411 1274 ac
441 1237 604 1274 ducente
635 1237 709 1274 deo
738 1237 936 1274 flammam
965 1237 1061 1274 inter
1090 1244 1125 1274 et
1154 1237 1284 1275 hostes

117 1297 324 1347 expedior:
365 1295 456 1333 dant
485 1296 560 1333 tela
588 1296 717 1333 locum
746 1296 1003 1345 flammaeque
1032 1296 1226 1333 recedunt.

174 1358 324 1406 ‘Atque
353 1357 417 1394 ubi
447 1357 523 1393 iam
552 1356 695 1406 patriae
725 1363 950 1405 perventum
981 1356 1029 1393 ad
1057 1356 1188 1392 limina
1217 1355 1317 1393 sedis

118 1418 372 1467 antiquasque
402 1415 550 1462 domos,
581 1416 742 1465 genitor,
772 1428 889 1464 quem
919 1415 1049 1452 tollere
1078 1416 1117 1451 in
1146 1415 1242 1452 altos

119 1480 303 1528 optabam
332 1477 496 1526 primum
526 1482 679 1513 montes
709 1476 949 1524 primumque
979 1476 1169 1524 petebam,

119 1540 288 1585 abnegat
317 1536 444 1573 excisa
472 1536 588 1572 vitam
618 1535 829 1583 producere
860 1535 980 1572 Troia

120 1598 374 1645 exsiliumque
403 1595 493 1645 pati.
554 1594 672 1631 “Vos
702 1606 738 1639 o,
770 1595 908 1643 quibus
937 1594 1084 1643 integer
1113 1594 1193 1631 aevi

120 1656 278 1706 sanguis
290 1654 308 1670 ''
338 1655 389 1691 ait
418 1653 672 1703 “solidaeque
703 1665 774 1690 suo
804 1660 904 1690 stant
933 1654 1071 1691 robore
1099 1653 1206 1698 vires,

120 1728 189 1753 vos
218 1715 357 1764 agitate
386 1713 530 1762 fugam.

119 1776 189 1814 Me
218 1776 249 1812 si
278 1773 481 1811 caelicolae
509 1773 717 1811 voluissent
746 1773 885 1810 ducere
914 1772 1040 1817 vitam,

120 1835 189 1872 has
218 1833 312 1871 mihi
342 1840 554 1870 servassent
583 1833 704 1870 sedes.
764 1831 864 1869 Satis
894 1844 970 1869 una
999 1841 1191 1880 superque

121 1895 286 1932 vidimus
315 1893 464 1930 excidia
492 1899 529 1929 et
558 1898 691 1940 captae
722 1892 984 1940 superavimus
1011 1891 1106 1927 urbi.

124 1954 187 1991 Sic
217 1966 241 1990 o
271 1954 324 1990 sie
353 1953 524 2002 positum
553 1951 658 1988 affati
688 1950 871 1988 discedite
901 1962 1052 1999 corpus.

122 2014 213 2063 Ipse
242 2026 361 2051 manu
390 2019 555 2050 mortem
585 2011 799 2057 inveniam;
838 2011 1077 2048 miserebitur
1105 2009 1227 2048 hostis

124 2074 352 2122 exuviasque
382 2079 496 2121 petet.
553 2071 690 2108 Facilis
720 2070 863 2107 iactura
892 2069 1065 2118 sepulcri.

124 2131 209 2169 Iam
237 2131 387 2180 pridem
417 2130 559 2168 invisus
589 2130 683 2167 divis
713 2136 750 2166 et
779 2128 919 2166 inutilis
949 2139 1072 2165 annos

125 2191 316 2236 demoror,
346 2203 392 2227 ex
422 2202 500 2239 quo
528 2202 591 2227 me
620 2189 749 2226 divum
778 2194 886 2237 pater
916 2194 1029 2236 atque
1059 2186 1260 2224 hominum
1288 2197 1354 2222 rex

125 2249 292 2287 fulminis
322 2249 459 2287 afflavit
487 2249 609 2286 ventis
637 2254 675 2286 et
703 2247 863 2296 contigit
892 2245 1004 2296 igni.''

181 2308 314 2346 ‘Talia
343 2309 537 2357 perstabat
565 2319 797 2352 memorans,
830 2307 1003 2355 fixusque
1033 2306 1224 2343 manebat.

127 2369 212 2406 Nos
241 2374 375 2406 contra
403 2367 513 2404 effusi
541 2367 704 2404 lacrimis
734 2366 980 2414 coniunxque
1011 2363 1156 2402 Creusa

126 2426 392 2476 Ascaniusque
422 2425 626 2476 omnisque
655 2425 807 2471 domus,
838 2436 887 2462 ne
916 2429 1058 2460 vertere
1089 2433 1220 2460 secum

1444 223 1509 267 615

1446 521 1510 555 620

1447 821 1510 862 625

1450 1122 1514 1162 630

1452 1715 1518 1757 640

1455 2310 1516 2349 650
