1669 2737
151 96 166 123 1
177 82 199 123 8
203 96 229 124 o
727 90 950 126 AENEIS.

145 197 256 235 Haec
286 198 411 235 effata.

147 257 198 294 At
226 265 365 294 matres
395 258 521 306 primo
551 258 738 307 ancipites
767 259 964 308 oculisque
994 261 1170 309 malignis

146 317 348 365 ambiguae
379 323 550 366 spectare
579 324 679 355 rates
707 319 888 355 miserum
917 319 1012 357 inter
1041 332 1213 357 amorem

146 377 355 425 praesentis
384 383 504 414 terrae
535 377 695 426 fatisque
724 379 900 415 vocantia
929 391 1069 428 regna:

147 448 235 473 cum
265 437 336 473 dea
365 448 405 473 se
434 437 587 485 paribus
617 449 685 485 per
714 437 862 474 caelum
892 439 1039 475 sustulit
1068 439 1135 476 alis

145 496 419 544 ingentemque
449 495 538 544 fuga
568 497 685 533 secuit
714 498 786 533 sub
815 498 979 534 nubibus
1009 510 1151 534 arcum.

146 554 251 591 Turn
280 567 369 592 vero
399 555 580 592 attonitae
609 556 790 592 monstris
819 562 1003 604 actaeque
1033 556 1158 593 furore

145 613 396 660 conclamant,
425 615 650 663 rapiuntque
679 614 775 652 focis
803 616 1057 663 penetralibus
1087 616 1228 664 ignem,

145 685 233 722 pars
264 673 429 721 spoliant
458 685 553 717 aras,
583 673 760 710 frondem
790 686 834 710 ac
865 674 1023 722 virgulta
1052 675 1230 723 facesque

146 733 363 770 coniiciunt.
421 732 527 769 Furit
555 733 734 770 immissis
762 732 959 770 Vulcanus
989 734 1149 770 habenis

144 800 306 829 transtra
334 804 402 841 per
429 798 466 828 et
495 803 621 828 remos
650 798 686 828 et
716 792 835 839 pictas
865 792 987 829 abiete
1017 804 1180 841 puppes.

145 851 313 888 Nuntius
344 850 536 888 Anchisae
565 850 614 886 ad
643 850 829 887 tumulum
858 863 1081 900 cuneosque
1110 851 1244 889 theatri

143 912 320 948 incensas
349 909 486 959 perfert
515 921 631 946 naves
660 908 854 954 Eumelus,
885 916 922 946 et
951 911 1022 959 ipsi

143 970 347 1018 respiciunt
375 976 495 1006 atram
524 969 563 1005 in
593 969 726 1004 nimbo
755 968 908 1004 volitare
939 968 1114 1006 favillam.

143 1029 292 1066 Primus
322 1035 358 1066 et
387 1029 587 1073 Ascanius,
619 1039 751 1064 cursus
780 1034 820 1064 ut
850 1027 969 1065 laetus
998 1034 1194 1077 equestres

143 1089 315 1134 ducebat,
347 1088 400 1125 sic
430 1100 517 1125 acer
546 1099 647 1136 equo
676 1088 825 1124 turbata
853 1088 986 1135 petivit

142 1154 276 1192 castra,
306 1160 377 1184 nec
406 1147 601 1183 exanimes
629 1151 792 1195 possunt
821 1146 981 1183 retinere
1011 1147 1191 1195 magistri.

143 1207 263 1254 ‘Quis
293 1207 396 1244 furor
425 1208 493 1244 iste
522 1207 669 1243 novus?
709 1217 786 1254 quo
816 1217 930 1251 nunc,
961 1218 1038 1254 quo
1068 1207 1242 1253 tenditis,'
1273 1208 1405 1257 inquit,

142 1267 237 1304 ‘heu
267 1267 428 1303 miserae
458 1266 584 1303 cives?
624 1277 703 1302 non
732 1265 885 1302 hostem
915 1265 1145 1315 inimicaque
1175 1274 1299 1304 castra

140 1328 334 1375 Argivum,
366 1333 506 1362 vestras
536 1337 624 1374 spes
653 1325 767 1362 uritis.
825 1323 898 1369 En,
929 1336 1004 1373 ego
1034 1333 1158 1362 vester

140 1385 365 1425 Ascanius!'
424 1384 586 1422 Galeam
615 1391 702 1421 ante
731 1384 850 1433 pedes
880 1385 1039 1432 proiecit
1070 1385 1234 1429 inanem,

140 1458 215 1496 qua
244 1445 334 1482 ludo
364 1444 517 1481 indutus
548 1443 634 1481 belli
664 1443 864 1480 simulacra
894 1443 1026 1480 ciebat.

138 1505 336 1543 Accelerat
365 1503 476 1541 simul
506 1505 669 1548 Aeneas,
700 1503 812 1540 simul
840 1503 995 1551 agmina
1025 1502 1232 1540 Teucrum.

138 1566 211 1603 Ast
239 1564 322 1601 illae
352 1564 498 1600 diversa
526 1570 629 1599 metu
659 1574 726 1611 per
756 1562 864 1599 litora
893 1563 1036 1610 passim

139 1624 352 1673 diffugiunt,
382 1623 569 1671 silvasque
599 1629 635 1658 et
665 1621 784 1658 sicubi
815 1633 984 1658 concava
1013 1621 1141 1658 furtim

138 1697 230 1723 saxa
259 1689 415 1732 petunt;
455 1682 561 1731 piget
589 1681 731 1729 incepti
761 1681 946 1729 lucisque,
977 1692 1143 1729 suosque

137 1750 305 1781 mutatae
334 1747 560 1791 agnoscunt,
592 1752 830 1789 excussaque
861 1747 1015 1789 pectore
1046 1740 1144 1777 Iuno
1175 1747 1241 1778 est.

139 1805 214 1844 Sed
243 1816 323 1841 non
351 1803 490 1840 idcirco
521 1801 676 1837 flamma
704 1806 816 1849 atque
847 1800 1024 1837 incendia
1052 1800 1149 1837 vires

136 1865 340 1903 indomitas
370 1874 557 1912 posuere;
596 1859 674 1897 udo
705 1861 775 1897 sub
804 1861 942 1896 robore
971 1860 1058 1896 vivit

136 1934 273 1974 stuppa
302 1934 461 1960 vomens
490 1920 639 1958 tardum
670 1919 828 1964 sumum,
859 1918 1061 1968 lentusque
1091 1918 1238 1956 carinas

135 1992 191 2022 est
218 1995 347 2032 vapor,
378 1988 414 2019 et
442 1987 524 2019 toto
555 1978 751 2017 descendit
782 1990 942 2027 corpore
971 1978 1103 2027 pestis,

134 2056 205 2081 nec
233 2043 330 2079 vires
358 2041 518 2078 heroum
546 2038 746 2086 infusaque
773 2037 932 2074 flumina
960 2043 1134 2085 prosunt.

134 2103 238 2140 Tum
267 2102 350 2150 pius
380 2101 532 2138 Aeneas
561 2098 701 2135 umeris
730 2096 953 2134 abscindere
983 2103 1128 2133 vestem

133 2162 350 2210 auxilioque
379 2171 516 2197 vocare
545 2158 638 2195 deos
668 2163 706 2194 et
734 2156 890 2193 tendere
920 2154 1090 2204 palmas:

134 2221 326 2270 ‘Iuppiter
354 2219 611 2268 omnipotens,
642 2216 673 2254 si
702 2215 878 2253 nondum
907 2226 1047 2252 exosus
1077 2213 1125 2252 ad
1154 2225 1273 2251 unum

132 2281 335 2324 Troianos,
368 2279 398 2316 si
427 2277 518 2327 quid
546 2277 667 2326 pietas
696 2275 853 2324 antiqua
881 2274 1031 2311 labores

133 2341 282 2389 respicit
309 2339 513 2382 humanos,
544 2337 592 2373 da
621 2336 819 2372 flammam
847 2333 1006 2371 evadere
1037 2332 1148 2370 classi

133 2412 246 2444 nunc,
276 2398 398 2443 Pater,
428 2403 465 2434 et
494 2403 627 2433 tenues
656 2394 850 2431 Teucrum
880 2405 938 2430 res
968 2392 1069 2441 eripe
1099 2392 1197 2438 leto;

132 2459 190 2497 vel
219 2465 269 2505 tu,
301 2456 405 2508 quod
435 2461 618 2505 superest,
647 2453 785 2491 infesto
815 2452 972 2489 fulmine
1002 2450 1126 2496 morti,

1470 622 1534 653 660

1468 917 1528 957 665

1464 1213 1527 1254 670

1461 1806 1524 1837 680

1457 2100 1517 2140 685

1453 2395 1516 2437 690
