1669 2737
526 112 695 146 LIBER
723 112 792 148 IV.
825 107 1036 161 302-3'79.

79 220 254 269 auspiciis
283 227 320 259 et
349 226 486 270 sponte
514 233 602 258 mea
630 232 865 269 componere
895 232 1015 265 curas,

79 280 211 317 urbem
241 280 451 317 Troianam
479 280 645 329 primurn
674 279 881 328 dulcesque
910 292 1085 317 meorum

79 338 254 388 reliquias
284 339 461 385 colerem,
492 339 631 376 Priami
660 346 759 376 tecta
789 339 863 376 alta
891 346 1103 384 manerent,

79 405 116 434 et
143 398 306 435 recidiva
333 410 450 434 manu
479 398 695 447 posuissem
724 397 914 446 Pergama
943 399 1062 436 victis.

80 456 155 495 Sed
184 469 288 494 nunc
316 457 464 494 Italiam
495 469 677 506 magnam
708 456 885 506 Gryneus
914 457 1070 506 Apollo,

78 515 227 553 Italiam
257 515 397 565 Lyciae
427 517 569 553 iussere
599 527 800 564 capessere
831 523 952 553 sortes
968 529 977 562 ;

78 575 139 612 hic
168 587 287 620 amor,
317 575 413 612 haec
442 576 563 624 patria
592 583 659 612 est.
722 575 760 612 Si
790 582 826 612 te
859 575 1100 624 Carthaginis
1131 588 1235 614 arces

78 634 329 672 Phoenissam
359 634 602 683 Libycaeque
631 641 808 683 aspectus
840 634 983 671 detinet
1013 636 1129 680 urbis,

78 706 177 742 quae
205 694 361 731 tandem
390 694 565 731 Ausonia
593 693 768 731 Teucros
799 694 998 731 considere
1029 701 1126 732 terra

78 752 217 790 invidia
246 754 326 790 est?
382 753 432 790 Et
461 765 533 790 nos
562 752 618 790 fas
648 760 776 790 extera
805 765 986 802 quaerere
1016 765 1146 801 regna.

77 811 145 849 Me
174 813 289 861 patris
318 812 523 858 Anchisae,
553 813 730 861 quotiens
758 813 976 849 umentibus
1005 813 1149 850 umbris

78 883 157 908 nox
187 873 310 921 operit
337 879 465 918 terras,
496 873 672 921 quotiens
702 879 801 908 astra
830 872 945 920 ignea
975 880 1147 921 surgunt,

79 931 260 968 admonet
289 931 327 968 in
356 932 502 969 somnis
532 938 568 969 et
597 931 746 968 turbida
775 938 887 968 terret
916 932 1057 980 imago,

78 1002 141 1027 me
170 1003 265 1039 puer
294 991 481 1028 Ascanius
511 992 721 1040 capitisque
750 991 885 1028 iniuria
914 992 1000 1036 cari,

80 1061 194 1097 quem
223 1061 342 1098 regno
373 1050 584 1099 Hesperiae
615 1050 748 1087 fraudo
778 1056 815 1087 et
845 1049 1019 1088 fatalibus
1050 1051 1156 1088 arvis.

79 1107 195 1146 Nunc
223 1110 337 1147 etiam
366 1110 552 1159 interpres
583 1110 711 1147 divum
742 1109 833 1146 Iove
863 1110 1001 1147 missus
1031 1111 1079 1147 ab
1109 1111 1205 1159 ipso,

80 1167 213 1216 (testor
240 1175 442 1218 utrumque
473 1167 604 1218 caput)
633 1169 772 1205 celeres
797 1169 982 1206 'mandata
1011 1182 1080 1218 per
1110 1181 1220 1206 auras

80 1227 235 1273 detulit;
279 1229 360 1277 ipse
390 1228 504 1265 deum
533 1229 735 1266 manifesto
764 1229 804 1264 in
833 1228 974 1266 lumine
1003 1229 1077 1266 vidi

79 1287 282 1324 intrantem
312 1299 454 1332 muros,
484 1299 696 1336 vocemque
725 1287 784 1325 his
814 1288 966 1325 auribus
996 1288 1115 1326 hausi.

79 1345 224 1384 Desine
254 1359 392 1396 meque
421 1347 494 1384 tuis
522 1348 729 1384 incendere
759 1354 872 1396 teque
902 1347 1100 1397 querellis:

80 1405 228 1443 Italiam
258 1418 338 1443 non
367 1415 502 1456 sponte
531 1407 693 1456 sequor!

136 1465 246 1502 Talia
275 1465 465 1502 dicentem
494 1466 716 1503 iamdudum
747 1478 878 1504 aversa
907 1473 1030 1504 tuetur

81 1524 155 1561 huc
184 1525 270 1562 illuc
299 1525 454 1562 volvens
484 1525 629 1571 oculos,
659 1532 858 1575 totumque
888 1533 1054 1575 pererrat

81 1585 287 1622 luminibus
317 1585 448 1629 tacitis,
480 1591 517 1622 et
546 1585 599 1622 sic
629 1597 792 1622 accensa
822 1586 1012 1634 profatur:

83 1644 190 1681 ‘Nec
219 1643 285 1681 tibi
314 1644 400 1681 diva
429 1656 579 1693 parens,
609 1645 760 1692 generis
789 1651 860 1682 nec
891 1644 1096 1682 Dardanus
1128 1651 1269 1689 auctor,

81 1703 235 1753 perfide,
266 1703 335 1740 sed
364 1703 465 1740 duris
494 1704 626 1753 genuit
655 1711 691 1741 te
721 1705 892 1741 cautibus
922 1704 1080 1742 horrens

83 1763 280 1800 Caucasus
309 1761 591 1811 Hyrcanaeque
619 1763 822 1800 admorunt
851 1765 968 1801 ubera
997 1764 1123 1812 tigres.
1157 1766 1165 1775 '

83 1822 185 1859 Nam
215 1821 307 1872 quid
337 1822 534 1859 dissimulo
563 1829 628 1860 aut
656 1834 753 1870 quae
782 1835 844 1860 me
874 1823 923 1860 ad
950 1823 1097 1860 maiora
1126 1824 1322 1860 reservo?v

83 1895 175 1920 num
204 1882 295 1920 fletu
324 1882 510 1930 ingemuit
538 1883 698 1919 nostro?
738 1893 830 1918 num
860 1882 1005 1919 lumina
1035 1883 1162 1920 flexit?

83 1954 176 1980 num
205 1941 378 1979 lacrimas
406 1941 526 1978 victus
557 1940 659 1977 dedit
688 1948 752 1978 aut
781 1942 978 1979 miseratus
1009 1950 1203 1979 amantem
1233 1943 1318 1979 est?

84 2014 182 2052 quae
211 2000 349 2049 quibus
378 1999 611 2037 anteferam?
650 2000 726 2036 iam
755 2000 830 2037 iam
860 2013 932 2039 nec
962 2003 1131 2038 maxima
1162 2001 1259 2038 Iuno

84 2074 156 2099 nec
186 2061 382 2099 Saturnius
411 2059 506 2097 haec
534 2060 655 2097 oculis
685 2059 794 2097 Pater
824 2062 959 2110 aspicit
989 2062 1130 2109 aequis.

85 2121 286 2170 Nusquam
315 2126 394 2157 tuta
422 2118 528 2156 fides.
586 2119 760 2156 Eiectum
790 2120 909 2165 litore,
940 2128 1118 2169 egentem

85 2181 218 2229 excepi
248 2187 285 2216 et
314 2180 419 2227 regni
449 2178 607 2216 demens
635 2179 674 2215 in
703 2187 810 2228 parte
840 2179 974 2225 locavi,

85 2241 267 2277 amissam
296 2238 470 2284 classem,
501 2239 628 2276 socios
657 2251 680 2275 a
707 2246 830 2275 morte
860 2239 992 2276 reduxi

86 2300 176 2350 (heu
205 2298 310 2335 furiis
337 2298 495 2335 incensa
523 2297 663 2347 feror):
708 2310 811 2335 nunc
842 2311 962 2347 augur
991 2299 1145 2348 Apollo,

86 2371 188 2395 nunc
217 2357 356 2407 Lyciae
385 2364 517 2401 sortes,
545 2369 648 2394 nunc
678 2363 715 2393 et
744 2356 835 2393 Iove
865 2357 1002 2394 missus
1032 2359 1080 2395 ab
1109 2359 1194 2408 ipso

86 2419 272 2467 interpres
301 2417 428 2454 divum
457 2415 526 2453 fert
555 2416 708 2453 horrida
737 2416 839 2453 iussa
867 2428 936 2465 per
965 2429 1085 2454 auras.

89 2477 239 2515 Scilicet
267 2476 299 2513 is
328 2475 471 2524 superis
501 2475 609 2512 labor
640 2481 707 2520 est,
739 2487 783 2512 ea
801 2473 901 2512 'cura
931 2475 1080 2524 quietos

1389 116 1465 160 153

1401 472 1463 502 345

1403 768 1466 799 350

1406 1650 1467 1692 365

1406 1957 1471 1988 370

1410 2254 1469 2286 575
