1669 2737
577 101 748 135 LIBER
775 101 855 136 [Η.
890 95 943 137 26
946 105 1100 151 3-'340-

147 214 236 245 ante
262 208 397 246 urbem
425 209 464 246 in
492 209 579 247 luco
608 209 692 247 falsi
722 208 928 247 Simoentis
958 210 1007 246 ad
1035 210 1180 248 undam

146 265 287 304 libabat
314 268 432 305 cineri
459 268 731 306 Andromache
759 280 971 317 manesque
1000 269 1161 306 vocabat

147 324 384 364 Hectoreum
411 327 460 365 ad
488 327 687 372 tumulum,
716 326 823 363 viridi
852 338 966 375 quem
996 327 1165 376 caespite
1193 328 1348 365 inanem

147 392 184 421 et
212 386 397 434 geminas,
429 398 584 423 causam
611 386 786 431 lacrimis,
818 391 1028 423 sacraverat
1057 397 1151 423 aras.

146 442 199 480 Ut
226 456 289 481 me
317 446 518 494 conspexit
546 445 762 482 venientem
791 452 828 482 et
857 443 980 480 Troi‘a
1009 443 1151 481 circum

145 514 251 539 arma
279 515 414 540 amens
441 503 540 549 vidit,
570 503 720 552 magnis
749 503 926 540 exterrita
953 503 1133 540 monstris

147 561 306 610 deriguit
334 562 416 599 visu
445 563 486 598 in
513 562 654 607 medio,
685 562 787 599 calor
816 573 904 599 ossa
932 561 1093 610 reliquit,

145 619 291 666 labitur,
321 628 358 658 et
386 621 504 670 longo
533 621 595 658 vix
624 621 778 658 tandem
806 627 979 670 tempore
1008 621 1115 658 fatur.

147 678 334 717 “Verane
361 686 398 717 te
427 679 553 725 facies,
585 691 691 716 verus
719 679 812 716 mihi
841 679 995 717 nuntius
1025 679 1148 726 affers,

144 744 233 775 nate
262 738 359 775 dea?
397 739 564 776 vivisne?
629 745 704 784 aut,
735 739 765 775 si
794 739 859 775 lux
889 738 988 776 alma
1016 740 1180 781 recessit,

145 797 293 835 Hector
319 798 384 834 ubi
413 805 470 836 est
484 797 522 835 ?”
561 798 665 842 dixit,
696 797 948 846 lacrimasque
978 798 1110 834 effudit
1140 807 1175 835 et
1205 810 1361 837 omnem

144 856 314 906 implevit
342 857 507 895 clamore
535 856 675 894 locum.
731 856 808 892 Vix
837 869 960 906 pauca
987 857 1126 894 furenti

145 916 304 953 subiicio
334 922 371 954 et
399 917 491 954 raris
520 917 689 954 turbatus
719 916 876 953 vocibus
904 916 1038 954 hisco:

146 974 279 1012 “Vivo
307 975 496 1025 equidem,
526 977 716 1025 vitamque
746 982 915 1013 extrema
943 988 1012 1024 per
1041 977 1171 1014 omnia
1200 977 1323 1025 duco;

145 1046 194 1071 ne
224 1035 364 1080 dubita,
394 1047 485 1072 nam
513 1048 600 1073 vera
629 1035 743 1073 vides.

146 1093 238 1130 Heu
266 1094 351 1143 quis
379 1100 417 1131 te
446 1106 557 1132 casus
588 1095 774 1132 deiectam
804 1095 968 1144 coniuge
997 1101 1105 1133 tanto

146 1153 295 1203 excipit,
325 1160 390 1191 aut
418 1166 517 1203 quae
546 1154 661 1203 digna
690 1155 780 1192 satis
809 1154 960 1191 fortuna
988 1155 1138 1192 revisit?

146 1214 326 1252 Hectoris
355 1215 626 1253 Andromache
656 1215 823 1264 Pyrrhin²
853 1216 1018 1253 conubia
1048 1216 1228 1254 servas?'''

145 1276 293 1314 Deiecit
321 1277 464 1314 vultum
493 1284 529 1314 et
559 1277 724 1314 demissa
752 1289 845 1314 voce
874 1277 1001 1315 locuta
1030 1285 1107 1315 est:

148 1336 217 1374 “O
245 1336 333 1374 felix
360 1349 438 1374 una
466 1344 554 1374 ante
584 1337 673 1374 alias
702 1337 888 1374 Priameia
916 1338 1033 1385 xirgo,

146 1395 321 1433 hostilem
348 1396 397 1432 ad
425 1395 614 1433 tumulum
643 1396 782 1433 Troiae
813 1396 882 1433 sub
911 1397 1114 1445 moenibus
1144 1396 1228 1434 altis

146 1458 247 1495 iussa
275 1458 383 1502 mori,
414 1469 511 1506 quae
541 1457 692 1494 sortitus
721 1469 801 1494 non
830 1457 980 1506 pertulit
1009 1457 1106 1494 ullos

146 1529 218 1555 nec
246 1517 396 1554 victoris
423 1516 502 1553 heri
530 1516 651 1565 tetigit
680 1517 830 1565 captiva
859 1516 1004 1554 cubile!

145 1575 235 1613 Nos·
259 1575 381 1624 patria
409 1575 567 1612 incensa
596 1576 742 1612 diversa
771 1587 839 1624 per
867 1587 1033 1624 aequora
1063 1582 1194 1613 vectae

146 1634 272 1683 stirpis
299 1634 494 1672 Achilleae
522 1633 641 1671 fastus
670 1634 922 1683 iuvenemque
953 1635 1173 1683 superbum,

147 1696 296 1733 servitio
326 1695 471 1741 enixae,
501 1695 665 1740 tulimus,
695 1695 759 1744 qui
789 1695 926 1732 deinde
956 1702 1108 1732 secutus

146 1756 340 1794 Ledaeam
368 1755 609 1793 Hermionen
638 1755 1046 1804 Lacedaemoniosque
1074 1755 1309 1804 hymenaeos

146 1827 208 1852 me
236 1815 380 1852 famulo
409 1815 669 1864 famulamque
698 1814 852 1852 Heleno
881 1814 1087 1852 transmisit
1114 1814 1346 1852 habendam.

147 1875 219 1912 Ast
246 1875 351 1912 illum
379 1880 531 1924 ereptae
558 1886 701 1923 magno
730 1873 948 1911 flammatus
978 1886 1107 1911 amore

148 1934 321 1984 coniugis
350 1941 387 1972 et
415 1934 601 1972 scelerum
629 1934 734 1972 furiis
765 1934 927 1983 agitatus
959 1933 1114 1972 Orestes

147 1994 290 2042 excipit
316 1995 512 2032 incautum
539 1994 754 2044 patriasque
783 1995 984 2031 obtruncat
1013 1992 1061 2030 ad
1090 2004 1185 2030 aras.

147 2051 276 2090 Morte
306 2052 553 2102 Neoptolemi
581 2066 787 2103 regnorum
815 2053 962 2091 reddita
991 2052 1103 2090 cessit

146 2123 234 2161 pars
262 2111 428 2158 Heleno,
456 2112 521 2162 qui
551 2112 749 2150 Chaonios
779 2112 1011 2161 cognomine
1040 2121 1200 2158 campos

147 2169 437 2220 Chaoniamque
466 2183 621 2209 omnem
651 2171 826 2208 Troiano
856 2183 878 2208 a
907 2169 1068 2207 Chaone
1096 2168 1200 2213 dixit,

147 2229 409 2279 Pergamaque
437 2229 670 2279 Iliacamque
699 2231 796 2278 iugis
826 2230 926 2266 hanc
955 2227 1099 2265 addidit
1128 2238 1265 2264 arcem.

146 2287 222 2324 Sed
245 2288 311 2325 tibi
338 2289 404 2337 qui
432 2301 585 2326 cursum
613 2290 724 2335 venti,
755 2301 852 2338 quae
882 2287 958 2324 sata
987 2286 1151 2323 dedere?

147 2354 210 2384 aut
238 2348 414 2397 quisnam
443 2348 620 2397 ignarum
650 2350 790 2386 nostris
820 2347 914 2385 deus
943 2345 1087 2394 appulit
1117 2345 1220 2382 oris?

147 2407 239 2456 quid
267 2418 360 2455 puer
387 2407 604 2444 Ascanius?
644 2413 845 2456 superatne
875 2414 913 2443 et
941 2405 1101 2443 vescitur
1129 2404 1246 2440 aura?

147 2477 265 2515 quam
294 2465 360 2502 tibi
388 2465 464 2502 iam
494 2465 633 2504 Troia1

646 2540 657 2559 ¹
682 2549 753 2581 340.
777 2551 808 2571 v.
824 2540 847 2571 l.
863 2549 954 2581 quae.

1449 111 1526 153 133

1463 402 1523 434 305

1462 696 1525 727 310

1463 992 1523 1023 515

1462 1293 1524 1323 320

1467 1591 1527 1622 325

1469 1900 1484 1919 ι’.)

1468 2182 1527 2214 335
