1669 2737
583 79 751 114 LIBER
780 79 848 115 IV.
882 85 1091 129 224-301.

151 186 316 226 demissa
345 200 394 225 ex
421 188 574 233 umeris,
606 188 710 226 dives
739 200 838 237 quae
867 200 1028 226 munera
1056 187 1158 225 Dido

150 246 290 285 fecerat
317 254 354 285 et
382 248 486 284 tenui
513 247 607 286 telas
636 248 862 286 discreverat
891 260 996 285 auro.

151 305 344 344 Continuo
373 306 537 344 invadit:
577 306 664 345 ‘Tu
692 319 796 344 nunc
825 306 1066 355 Carthaginis
1096 307 1195 344 altae

148 364 400 403 fundamenta
428 365 533 403 locas
562 365 835 415 pulchramque
863 367 1019 403 uxorius
1048 366 1182 402 urbem

150 424 312 462 exstruis
339 423 416 461 heu
444 425 552 473 regni
580 437 783 475 rerumque
812 425 926 462 oblite
955 426 1131 462 tuarum?

149 482 239 531 Ipse
267 482 382 519 deum
411 483 477 520 tibi
506 496 569 521 me
598 484 700 521 claro
731 484 891 521 demittit
921 484 1090 533 Olympo

147 548 337 590 regnator,
368 542 516 579 caelum
546 555 590 580 ac
619 550 736 580 terras
765 544 830 592 qui
859 543 1016 580 numine
1045 550 1208 591 torquet,

147 601 228 649 ipse
257 600 351 638 haec
380 601 474 639 ferre
502 602 605 638 iubet
633 603 774 639 celeres
803 602 984 639 mandata
1012 614 1081 650 per
1109 613 1240 639 auras:

147 659 240 707 quid
269 660 407 697 struis?
446 667 511 698 aut
539 673 614 710 qua
643 673 711 710 spe
739 661 893 710 Libycis
922 661 1011 698 teris
1041 661 1118 699 otia
1147 661 1280 698 terris?

149 718 190 756 Si
218 726 255 756 te
283 719 386 757 nulla
413 727 541 758 movet
569 728 759 758 tantarum
788 721 910 770 gloria
939 733 1077 765 rerum,

149 774 238 829 [nec
267 790 381 827 super
408 779 489 828 ipse
518 787 582 817 tua
609 780 752 818 moliris
780 780 892 817 laude
921 778 1121 832 laborem]

146 837 355 875 Ascanium
385 846 603 888 surgentem
632 846 669 877 et
698 852 787 889 spes
817 839 965 876 heredis
996 839 1068 876 Iuli

146 897 304 946 respice,
335 897 396 934 cui
424 910 588 947 regnum
618 898 750 936 Italiae
782 898 1038 947 Romanaque
1069 898 1178 936 tellus

148 955 354 994 debentur!
410 957 496 994 Tali
528 957 720 1007 Cyllenius
750 971 816 996 ore
845 959 996 996 locutus

146 1017 326 1055 mortales
355 1019 455 1055 visus
483 1018 611 1055 medio
641 1031 816 1056 sermone
845 1019 1004 1068 reliquit,

146 1083 184 1114 et
210 1077 343 1125 procul
371 1077 412 1113 in
441 1084 595 1114 tenuem
624 1090 672 1115 ex
701 1079 820 1116 oculis
851 1080 1002 1116 evanuit
1032 1091 1173 1116 auram.

199 1136 251 1173 At
278 1148 368 1174 vero
397 1137 551 1174 Aeneas
580 1144 737 1187 aspectu
766 1138 954 1175 obmutuit
983 1151 1128 1183 amens,

146 1202 386 1245 arrectaeque
415 1196 570 1234 horrore
599 1209 744 1242 comae,
775 1204 811 1235 et
842 1210 917 1234 vox
946 1196 1119 1234 faucibus
1147 1197 1278 1235 haesit.

146 1254 265 1292 Ardet
293 1255 396 1292 abire
425 1255 517 1305 fuga
546 1256 754 1306 dulcesque
783 1257 994 1306 relinquere
1024 1264 1150 1302 terras,

145 1314 326 1352 attonitus
355 1321 460 1352 tanto
491 1316 640 1353 monitu
667 1316 902 1365 imperioque
932 1315 1102 1353 deorum.

145 1373 236 1412 Heu
264 1375 356 1424 quid
385 1376 499 1424 agat?
538 1388 615 1425 quo
645 1388 748 1414 nunc
777 1377 950 1424 reginam
980 1376 1122 1412 ambire
1153 1375 1338 1412 furentem

145 1434 285 1471 audeat
313 1435 455 1472 affatu?
494 1447 592 1484 quae
621 1436 744 1484 prima
771 1435 928 1472 exordia
957 1436 1106 1471 sumat?

144 1500 257 1542 atque
286 1495 457 1531 animum
487 1507 589 1532 nunc
619 1495 693 1532 huc
724 1494 896 1539 celerem,
927 1506 1030 1531 nunc
1060 1494 1190 1531 dividit
1219 1492 1328 1530 illuc:

145 1550 202 1604 [in
229 1560 432 1603 partesque
460 1554 557 1602 rapit
585 1554 706 1591 varias
736 1567 879 1603 perque
908 1555 1040 1591 omnia
1069 1549 1222 1604 versat,]

143 1612 240 1650 haec
267 1613 466 1651 alternanti
496 1614 622 1661 potior
651 1614 839 1651 sententia
868 1614 947 1650 visa
976 1619 1042 1650 est.

144 1672 347 1710 Mnesthea
376 1672 671 1722 Sergestumque
700 1679 811 1710 vocat
840 1672 1053 1721 fortemque
1085 1672 1289 1715 Serestum,

144 1732 305 1770 classem
334 1738 465 1782 aptent
493 1732 594 1769 taciti
624 1732 827 1781 sociosque
856 1731 905 1768 ad
933 1732 1042 1769 litora
1071 1738 1221 1780 cogant,

143 1804 248 1829 arma
274 1799 409 1841 parent
437 1797 485 1835 et,
516 1803 614 1841 quae
642 1792 756 1829 rebus
785 1792 830 1828 sit
861 1803 975 1829 causa
1004 1791 1201 1835 novandis,

141 1850 400 1897 dissimulent3
441 1863 524 1888 sese
553 1851 707 1897 interea,
738 1851 895 1900 quando
925 1851 1070 1899 optima
1098 1850 1200 1887 Dido

142 1911 287 1948 nesciat
315 1917 352 1947 et
381 1917 508 1948 tantos
535 1911 660 1960 rumpi
688 1922 768 1947 non
797 1916 921 1959 speret
950 1922 1111 1954 amores,

141 1976 414 2020 temptaturum
443 1970 565 2007 aditus
595 1977 632 2007 et
661 1982 759 2019 quae
787 1970 1010 2007 mollissima
1038 1968 1143 2005 fandi

141 2037 326 2079 tempora,
356 2030 440 2078 quis
469 2030 583 2067 rebus
613 2029 743 2066 dexter
770 2029 918 2066 modus.
978 2027 1096 2066 Ocius
1125 2039 1260 2064 omnes

141 2089 300 2138 imperio
328 2088 414 2126 laeti
443 2095 577 2137 parent
605 2100 650 2126 ac
678 2089 780 2125 iussa
808 2087 1010 2125 facessunt.

194 2149 249 2184 At
275 2148 408 2196 regina
436 2148 547 2185 dolos
577 2146 678 2198 (quis
708 2147 835 2184 fallere
864 2147 985 2195 possit
1014 2152 1207 2182 amantem
1220 2145 1249 2196 ?)

139 2207 350 2256 praesensit
376 2214 580 2257 motusque
609 2207 760 2255 excepit
788 2207 911 2255 prima
939 2205 1093 2249 futuros,

140 2266 271 2304 omnia
298 2273 379 2303 tuta
405 2267 554 2304 timens.
610 2265 759 2302 Eadem
789 2265 904 2313 impia
933 2264 1052 2301 Fama
1080 2263 1215 2301 furenti

141 2326 271 2363 detulit
300 2327 436 2363 armari
464 2327 626 2364 classem
656 2337 886 2373 cursumque
915 2325 1047 2374 parari.

141 2385 265 2423 Saevit
291 2386 405 2435 inops
436 2386 553 2423 animi
582 2392 779 2433 totamque
809 2383 965 2421 incensa
993 2396 1061 2433 per
1088 2383 1222 2421 urbem

139 2444 352 2491 bacchatur,
382 2445 500 2494 qualis
530 2444 735 2482 commotis
764 2443 886 2480 excita
913 2443 1029 2481 sacris

1459 84 1532 127 151

1476 311 1535 350 265

1471 1203 1530 1232 280

1468 1500 1526 1539 285

1465 1805 1526 1837 290

1461 2102 1519 2134 295
