1669 2737
574 51 740 86 LIBER
768 52 818 88 X.
849 54 1060 107 497-574·

84 154 86 157 ⁵
134 160 277 198 cervice
307 159 430 197 oranti
460 159 598 209 capulo
628 166 739 197 tenus
768 158 934 208 applicat
963 171 1104 196 ensem.

135 218 219 258 Nec
247 219 378 269 procul
407 218 683 263 Haemonides,
713 218 860 256 Phoebi
889 218 1115 268 Triviaeque
1147 219 1337 265 sacerdos,

133 277 250 316 infula
279 278 339 316 cui
368 289 476 315 sacra
503 278 703 315 redimibat
732 283 906 325 tempora
934 278 1034 322 vitta,

132 344 234 375 totus
264 337 457 375 collucens
486 344 588 375 veste
617 343 730 386 atque
759 336 971 384 insignibus
1001 336 1138 373 armis:

134 409 249 445 quem
279 407 508 444 congressus
537 396 615 445 agit
644 406 782 444 campo
812 395 1038 444 lapsumque
1069 403 1286 444 superstans

133 454 306 492 immolat
334 455 556 503 ingentique
585 455 720 492 umbra
750 455 863 502 tegit,
903 466 1007 491 arma
1039 454 1210 492 Serestus

132 514 229 551 lecta
258 513 370 551 refert
397 514 545 558 umeris,
575 514 653 560 tibi,
681 526 746 551 rex
778 513 954 558 Gradive,
985 520 1195 563 tropaeum.

134 572 351 610 Instaurant
380 573 480 610 acies
509 572 672 610 Vulcani
701 574 815 622 stirpe
846 582 993 610 creatus

134 632 323 671 Caeculus
353 639 389 670 et
418 633 574 670 veniens
602 632 819 670 Marsorum
849 633 1044 670 montibus
1074 632 1249 671 Umbro:

133 690 375 730 Dardanides
404 700 537 729 contra
565 691 662 729 furit.
718 692 885 728 Anxuris
915 703 1006 728 ense
1036 692 1223 729 sinistram

134 759 171 789 et
198 759 321 790 totum
351 751 459 800 clipei
488 751 586 789 ferro
617 752 805 789 deiecerat
834 752 967 788 orbem

135 810 297 861 (dixerat
324 810 385 847 ille
414 811 555 859 aliquid
583 822 767 859 magnum
797 811 949 859 vimque
978 810 1094 848 affore
1124 812 1238 849 verbo

135 869 355 914 crediderat,
386 870 568 919 caeloque
598 872 768 907 animum
799 868 956 907 fortasse
985 869 1128 907 ferebat

135 929 387 978 canitiemque
416 930 487 966 sibi
516 937 553 967 et
580 929 718 978 longos
747 929 972 977 promiserat
1002 928 1165 979 annos):

135 987 344 1036 Tarquitus
373 987 566 1025 exsultans
596 997 729 1026 contra
759 987 988 1036 fulgentibus
1019 990 1145 1034 armis,

134 1046 324 1085 silvicolae
353 1047 488 1085 Fauno
517 1047 674 1097 Dryope
703 1058 818 1096 quem
850 1045 1031 1095 Nympha
1061 1056 1214 1095 crearat,

134 1106 269 1144 obvius
297 1106 440 1143 ardenti
471 1119 556 1144 sese
585 1106 731 1145 obtulit.
789 1105 856 1142 Ille
885 1106 1040 1143 reducta

133 1165 289 1203 loricam
318 1166 505 1216 clipeique
533 1167 669 1215 ingens
698 1177 796 1202 onus
825 1165 984 1214 impedit
1013 1166 1144 1213 hasta;

135 1232 216 1261 tum
246 1231 358 1274 caput
387 1226 527 1262 orantis
556 1226 787 1275 nequiquam
818 1231 854 1261 et
883 1225 999 1262 multa
1028 1227 1194 1274 parantis

136 1283 260 1321 dicere
291 1283 465 1321 deturbat
492 1291 611 1322 terrae
640 1292 892 1333 truncumque
921 1292 1115 1333 tepentem

135 1342 360 1392 provolvens
389 1355 504 1392 super
531 1343 624 1381 haec
653 1344 807 1381 inimico
838 1350 992 1391 pectore
1021 1344 1138 1382 satur:

137 1401 249 1439 ‘Istic
277 1414 392 1447 nunc,
421 1403 636 1448 metuende,
667 1404 758 1440 iace.
816 1402 907 1440 Non
938 1410 980 1440 te.
1003 1404 1148 1453 optima
1176 1414 1295 1444 mater

137 1460 276 1497 condet
305 1460 410 1497 humi
438 1462 606 1510 patriove
636 1461 809 1499 onerabit
838 1463 1009 1500 membra
1037 1463 1234 1513 sepulcro:

136 1519 284 1556 alitibus
313 1520 481 1569 linquere
510 1520 595 1558 feris
625 1528 688 1558 aut
716 1522 866 1570 gurgite
894 1534 1061 1560 mersum

135 1578 239 1615 unda
267 1577 357 1615 feret
385 1580 587 1629 piscesque
616 1581 768 1630 impasti
797 1581 951 1618 vulnera
979 1582 1171 1620 lambent.'

136 1637 312 1675 Protinus
340 1638 533 1675 Antaeum
563 1646 600 1676 et
628 1639 784 1686 Lucam,
813 1640 934 1689 prima
963 1642 1115 1690 agmina
1147 1641 1279 1688 Turni,

135 1696 374 1745 persequitur
401 1697 615 1747 fortemque
644 1698 813 1736 Numam
842 1700 1060 1750 fulvumque
1090 1700 1318 1748 Camertem,

135 1755 384 1804 magnanimo
412 1755 600 1794 Volcente
630 1765 764 1804 saturn,
795 1759 999 1797 ditissimus
1028 1761 1108 1809 agri

137 1816 202 1866 qui
229 1815 297 1853 fuit
324 1817 567 1855 Ausonidum
595 1826 632 1856 et
660 1821 782 1858 tacitis
811 1822 978 1870 regnavit
1007 1821 1188 1871 Amyclis.

136 1877 323 1925 Aegaeon
352 1875 482 1925 qualis,
513 1885 666 1916 centum
696 1880 755 1916 cui
784 1880 960 1918 bracchia
990 1880 1120 1917 dicunt

138 1944 392 1985 centenasque
421 1948 568 1984 manus,
599 1940 874 1990 quinquaginta
903 1941 1031 1978 oribus
1061 1941 1192 1988 ignem

137 1996 427 2046 pectoribusque
455 1998 602 2045 arsisse,
632 1999 732 2036 Iovis
762 2011 848 2037 cum
879 1999 1037 2036 fulmina
1067 2007 1200 2037 contra

136 2063 192 2095 tot
219 2057 373 2107 paribus
401 2064 580 2110 streperet
608 2059 750 2109 clipeis,
780 2067 835 2097 tot
863 2060 1062 2108 stringeret
1092 2072 1225 2098 enses:

137 2118 191 2155 sic
219 2126 300 2156 toto
329 2119 483 2158 Aeneas
513 2120 679 2158 desaevit
706 2121 745 2157 in
774 2132 937 2169 aequore
966 2120 1095 2165 victor,

136 2184 177 2214 ut
207 2178 325 2215 semel
353 2179 512 2229 intepuit
540 2192 683 2218 mucro.
742 2179 847 2226 Quin
875 2191 964 2216 ecce
994 2178 1158 2228 Niphaei

137 2237 380 2288 quadriiuges
406 2239 446 2275 in
475 2251 595 2289 equos
625 2239 859 2288 adversaque
888 2245 1043 2287 pectora
1073 2239 1202 2275 tendit.

137 2297 264 2344 Atque
291 2297 342 2334 illi
370 2298 486 2347 longe
513 2299 750 2347 gradientem
779 2306 814 2335 et
843 2297 922 2334 dira
950 2297 1175 2334 frementem

136 2361 177 2391 ut
204 2355 340 2401 videre,
371 2364 474 2394 metu
503 2358 597 2395 versi
625 2366 802 2407 retroque
831 2363 980 2394 ruentes

137 2413 410 2466 effunduntque
442 2416 578 2455 ducem
608 2417 831 2467 rapiuntque
860 2416 909 2454 ad
936 2415 1044 2453 litora
1073 2428 1213 2454 currus.

1437 46 1516 99 287

1457 413 1520 443 540

1456 710 1516 741 5⁴5

1455 1008 1518 1038 550

1453 1306 1512 1337 555

1451 1890 1511 1929 565

1451 2197 1513 2228 550
