<?xml version="1.0" encoding="UTF-8"?>
<!DOCTYPE html PUBLIC "-//W3C//DTD XHTML 1.0 Transitional//EN"
    "http://www.w3.org/TR/xhtml1/DTD/xhtml1-transitional.dtd">
<html xmlns="http://www.w3.org/1999/xhtml" xml:lang="en" lang="en">
 <head>
  <title>
</title>
<meta http-equiv="Content-Type" content="text/html;charset=utf-8" />
  <meta name='ocr-system' content='tesseract 3.04.00' />
  <meta name='ocr-capabilities' content='ocr_page ocr_carea ocr_par ocr_line ocrx_word'/>
</head>
<body>
  <div class='ocr_page' id='page_1' title='image "./operavirgilwithi01virguoft_0280.png"; bbox 0 0 1669 2737; ppageno 0'>
   <div class='ocr_carea' id='block_1_1' title="bbox 147 74 940 112">
    <p class='ocr_par' dir='ltr' id='par_1_1' title="bbox 147 74 940 112">
     <span class='ocr_line' id='line_1_1' title="bbox 147 74 940 112; baseline -0.001 0"><span class='ocrx_word' id='word_1_1' title='bbox 147 82 227 112; x_wconf 80' lang='lat'><strong>212</strong></span> <span class='ocrx_word' id='word_1_2' title='bbox 716 74 940 111; x_wconf 82' lang='lat' dir='ltr'><em>AENEIS.</em></span> 
     </span>
    </p>
   </div>
   <div class='ocr_carea' id='block_1_2' title="bbox 146 183 1301 2491">
    <p class='ocr_par' dir='ltr' id='par_1_2' title="bbox 146 183 1256 466">
     <span class='ocr_line' id='line_1_2' title="bbox 146 183 1092 233; baseline 0 -12"><span class='ocrx_word' id='word_1_3' title='bbox 146 196 309 222; x_wconf 81' lang='lat' dir='ltr'><strong>examen</strong></span> <span class='ocrx_word' id='word_1_4' title='bbox 339 184 504 221; x_wconf 89' lang='lat' dir='ltr'><strong>subitum</strong></span> <span class='ocrx_word' id='word_1_5' title='bbox 535 195 641 221; x_wconf 91' lang='lat' dir='ltr'><strong>ramo</strong></span> <span class='ocrx_word' id='word_1_6' title='bbox 671 183 872 221; x_wconf 83' lang='lat' dir='ltr'>frondente</span> <span class='ocrx_word' id='word_1_7' title='bbox 900 183 1092 233; x_wconf 83' lang='lat' dir='ltr'><strong>pependit.</strong></span> 
     </span>
     <span class='ocr_line' id='line_1_3' title="bbox 147 243 1134 294; baseline -0.001 -12"><span class='ocrx_word' id='word_1_8' title='bbox 147 243 342 282; x_wconf 85' lang='lat' dir='ltr'>Continuo</span> <span class='ocrx_word' id='word_1_9' title='bbox 372 252 475 282; x_wconf 88' lang='lat' dir='ltr'><strong>vates</strong></span> <span class='ocrx_word' id='word_1_10' title='bbox 506 244 741 281; x_wconf 85' lang='lat' dir='ltr'><strong>‘Externum</strong></span> <span class='ocrx_word' id='word_1_11' title='bbox 772 243 983 281; x_wconf 89' lang='lat' dir='ltr'><strong>cernimus’</strong></span> <span class='ocrx_word' id='word_1_12' title='bbox 1014 244 1134 294; x_wconf 91' lang='lat' dir='ltr'><strong>inquit</strong></span> 
     </span>
     <span class='ocr_line' id='line_1_4' title="bbox 149 302 1256 353; baseline -0.002 -12"><span class='ocrx_word' id='word_1_13' title='bbox 149 305 374 341; x_wconf 86' lang='lat' dir='ltr'><strong>‘adventare</strong></span> <span class='ocrx_word' id='word_1_14' title='bbox 404 307 525 340; x_wconf 87' lang='lat' dir='ltr'><strong>virum</strong></span> <span class='ocrx_word' id='word_1_15' title='bbox 555 310 591 340; x_wconf 89' lang='lat' dir='ltr'><strong>et</strong></span> <span class='ocrx_word' id='word_1_16' title='bbox 619 310 745 353; x_wconf 90' lang='lat' dir='ltr'><strong>partes</strong></span> <span class='ocrx_word' id='word_1_17' title='bbox 774 310 902 353; x_wconf 86' lang='lat' dir='ltr'><strong>petere</strong></span> <span class='ocrx_word' id='word_1_18' title='bbox 931 316 1071 352; x_wconf 82' lang='lat' dir='ltr'><strong>agmen</strong></span> <span class='ocrx_word' id='word_1_19' title='bbox 1101 302 1256 340; x_wconf 90' lang='lat' dir='ltr'><strong>easdem</strong></span> 
     </span>
     <span class='ocr_line' id='line_1_5' title="bbox 146 362 1186 411; baseline -0.002 -11"><span class='ocrx_word' id='word_1_20' title='bbox 146 364 315 411; x_wconf 87' lang='lat' dir='ltr'><strong>partibus</strong></span> <span class='ocrx_word' id='word_1_21' title='bbox 345 375 391 400; x_wconf 84' lang='lat' dir='ltr'><strong>ex</strong></span> <span class='ocrx_word' id='word_1_22' title='bbox 420 363 542 400; x_wconf 88' lang='lat' dir='ltr'><strong>isdem</strong></span> <span class='ocrx_word' id='word_1_23' title='bbox 573 369 608 400; x_wconf 88' lang='lat' dir='ltr'><strong>et</strong></span> <span class='ocrx_word' id='word_1_24' title='bbox 638 375 789 400; x_wconf 85' lang='lat' dir='ltr'><strong>summa</strong></span> <span class='ocrx_word' id='word_1_25' title='bbox 818 363 1048 400; x_wconf 81' lang='lat' dir='ltr'><strong>dominarier</strong></span> <span class='ocrx_word' id='word_1_26' title='bbox 1076 362 1186 399; x_wconf 82' lang='lat' dir='ltr'><strong>arce.&#39;</strong></span> 
     </span>
     <span class='ocr_line' id='line_1_6' title="bbox 147 421 1085 466; baseline -0.001 -8"><span class='ocrx_word' id='word_1_27' title='bbox 147 422 356 466; x_wconf 90' lang='lat' dir='ltr'><strong>Praeterea,</strong></span> <span class='ocrx_word' id='word_1_28' title='bbox 386 422 498 458; x_wconf 84' lang='lat' dir='ltr'><strong>castis</strong></span> <span class='ocrx_word' id='word_1_29' title='bbox 528 421 655 459; x_wconf 82' lang='lat' dir='ltr'><strong>adolet</strong></span> <span class='ocrx_word' id='word_1_30' title='bbox 684 422 775 458; x_wconf 90' lang='lat' dir='ltr'><strong>dum</strong></span> <span class='ocrx_word' id='word_1_31' title='bbox 805 422 935 458; x_wconf 88' lang='lat' dir='ltr'><strong>altaria</strong></span> <span class='ocrx_word' id='word_1_32' title='bbox 965 421 1085 459; x_wconf 89' lang='lat' dir='ltr'><strong>taedis</strong></span> 
     </span>
    </p>

    <p class='ocr_par' dir='ltr' id='par_1_3' title="bbox 147 481 1017 529">
     <span class='ocr_line' id='line_1_7' title="bbox 147 481 1017 529; baseline 0 -11"><span class='ocrx_word' id='word_1_33' title='bbox 147 489 183 518; x_wconf 87' lang='lat' dir='ltr'><strong>et</strong></span> <span class='ocrx_word' id='word_1_34' title='bbox 212 483 315 519; x_wconf 85' lang='lat' dir='ltr'><strong>iuxta</strong></span> <span class='ocrx_word' id='word_1_35' title='bbox 343 482 557 529; x_wconf 80' lang='lat' dir='ltr'><strong>genitorem</strong></span> <span class='ocrx_word' id='word_1_36' title='bbox 587 488 683 518; x_wconf 89' lang='lat' dir='ltr'><strong>astat</strong></span> <span class='ocrx_word' id='word_1_37' title='bbox 713 481 870 518; x_wconf 89' lang='lat' dir='ltr'><strong>Lavinia</strong></span> <span class='ocrx_word' id='word_1_38' title='bbox 898 482 1017 529; x_wconf 81' lang='lat' dir='ltr'><strong>virgo,</strong></span> 
     </span>
    </p>

    <p class='ocr_par' dir='ltr' id='par_1_4' title="bbox 146 539 1279 826">
     <span class='ocr_line' id='line_1_8' title="bbox 146 539 1220 590; baseline -0.001 -14"><span class='ocrx_word' id='word_1_39' title='bbox 146 541 223 577; x_wconf 89' lang='lat' dir='ltr'><strong>visa</strong></span> <span class='ocrx_word' id='word_1_40' title='bbox 253 539 392 590; x_wconf 86' lang='lat' dir='ltr'><strong>(nefas)</strong></span> <span class='ocrx_word' id='word_1_41' title='bbox 422 540 548 588; x_wconf 89' lang='lat' dir='ltr'><strong>longis</strong></span> <span class='ocrx_word' id='word_1_42' title='bbox 577 540 854 589; x_wconf 79' lang='lat' dir='ltr'><strong>comprendere</strong></span> <span class='ocrx_word' id='word_1_43' title='bbox 884 541 1050 577; x_wconf 84' lang='lat' dir='ltr'><strong>crinibus</strong></span> <span class='ocrx_word' id='word_1_44' title='bbox 1079 540 1220 588; x_wconf 82' lang='lat' dir='ltr'><strong>ignem,</strong></span> 
     </span>
     <span class='ocr_line' id='line_1_9' title="bbox 146 597 1279 649; baseline -0.002 -13"><span class='ocrx_word' id='word_1_45' title='bbox 146 607 259 649; x_wconf 90' lang='lat' dir='ltr'><strong>atque</strong></span> <span class='ocrx_word' id='word_1_46' title='bbox 289 611 446 636; x_wconf 90' lang='lat' dir='ltr'><strong>omnem</strong></span> <span class='ocrx_word' id='word_1_47' title='bbox 477 605 654 635; x_wconf 89' lang='lat' dir='ltr'><strong>ornatum</strong></span> <span class='ocrx_word' id='word_1_48' title='bbox 683 598 839 635; x_wconf 87' lang='lat' dir='ltr'><strong>flamma</strong></span> <span class='ocrx_word' id='word_1_49' title='bbox 868 600 1077 647; x_wconf 80' lang='lat' dir='ltr'><strong>crepitante</strong></span> <span class='ocrx_word' id='word_1_50' title='bbox 1108 597 1279 643; x_wconf 86' lang='lat' dir='ltr'><strong>cremari,</strong></span> 
     </span>
     <span class='ocr_line' id='line_1_10' title="bbox 147 659 1143 708; baseline -0.002 -12"><span class='ocrx_word' id='word_1_51' title='bbox 147 659 368 708; x_wconf 83' lang='lat' dir='ltr'><strong>regalesque</strong></span> <span class='ocrx_word' id='word_1_52' title='bbox 398 670 560 695; x_wconf 86' lang='lat' dir='ltr'><strong>accensa</strong></span> <span class='ocrx_word' id='word_1_53' title='bbox 591 670 734 703; x_wconf 89' lang='lat' dir='ltr'><strong>comas,</strong></span> <span class='ocrx_word' id='word_1_54' title='bbox 767 670 930 695; x_wconf 89' lang='lat' dir='ltr'><strong>accensa</strong></span> <span class='ocrx_word' id='word_1_55' title='bbox 958 669 1143 695; x_wconf 90' lang='lat' dir='ltr'><strong>coronam</strong></span> 
     </span>
     <span class='ocr_line' id='line_1_11' title="bbox 146 717 1124 767; baseline -0.001 -12"><span class='ocrx_word' id='word_1_56' title='bbox 146 719 336 767; x_wconf 80' lang='lat' dir='ltr'><strong>insignem</strong></span> <span class='ocrx_word' id='word_1_57' title='bbox 366 719 539 767; x_wconf 83' lang='lat' dir='ltr'><strong>gemmis,</strong></span> <span class='ocrx_word' id='word_1_58' title='bbox 571 725 651 755; x_wconf 90' lang='lat' dir='ltr'><strong>tum</strong></span> <span class='ocrx_word' id='word_1_59' title='bbox 681 718 824 755; x_wconf 89' lang='lat' dir='ltr'><strong>fumida</strong></span> <span class='ocrx_word' id='word_1_60' title='bbox 852 718 994 755; x_wconf 90' lang='lat' dir='ltr'><strong>lumine</strong></span> <span class='ocrx_word' id='word_1_61' title='bbox 1024 717 1124 754; x_wconf 91' lang='lat' dir='ltr'><strong>fulvo</strong></span> 
     </span>
     <span class='ocr_line' id='line_1_12' title="bbox 146 777 1077 826; baseline -0.001 -11"><span class='ocrx_word' id='word_1_62' title='bbox 146 779 284 816; x_wconf 86' lang='lat' dir='ltr'><strong>involvi</strong></span> <span class='ocrx_word' id='word_1_63' title='bbox 314 790 357 815; x_wconf 88' lang='lat' dir='ltr'><strong>ac</strong></span> <span class='ocrx_word' id='word_1_64' title='bbox 387 778 474 815; x_wconf 88' lang='lat' dir='ltr'><strong>totis</strong></span> <span class='ocrx_word' id='word_1_65' title='bbox 502 777 719 814; x_wconf 89' lang='lat' dir='ltr'><strong>Vulcanum</strong></span> <span class='ocrx_word' id='word_1_66' title='bbox 751 790 929 826; x_wconf 87' lang='lat' dir='ltr'><strong>spargere</strong></span> <span class='ocrx_word' id='word_1_67' title='bbox 959 777 1077 814; x_wconf 86' lang='lat' dir='ltr'><strong>tectis.</strong></span> 
     </span>
    </p>

    <p class='ocr_par' dir='ltr' id='par_1_5' title="bbox 147 836 1205 1057">
     <span class='ocr_line' id='line_1_13' title="bbox 148 836 1095 876; baseline -0.003 0"><span class='ocrx_word' id='word_1_68' title='bbox 148 839 194 876; x_wconf 91' lang='lat' dir='ltr'><strong>Id</strong></span> <span class='ocrx_word' id='word_1_69' title='bbox 223 851 312 876; x_wconf 92' lang='lat' dir='ltr'><strong>vero</strong></span> <span class='ocrx_word' id='word_1_70' title='bbox 343 838 576 875; x_wconf 90' lang='lat' dir='ltr'><strong>horrendum</strong></span> <span class='ocrx_word' id='word_1_71' title='bbox 606 850 651 875; x_wconf 89' lang='lat' dir='ltr'><strong>ac</strong></span> <span class='ocrx_word' id='word_1_72' title='bbox 679 838 761 874; x_wconf 87' lang='lat' dir='ltr'><strong>visu</strong></span> <span class='ocrx_word' id='word_1_73' title='bbox 790 837 959 874; x_wconf 88' lang='lat' dir='ltr'><strong>mirabile</strong></span> <span class='ocrx_word' id='word_1_74' title='bbox 988 836 1095 873; x_wconf 87' lang='lat' dir='ltr'><strong>ferri:</strong></span> 
     </span>
     <span class='ocr_line' id='line_1_14' title="bbox 148 896 1170 947; baseline -0.003 -12"><span class='ocrx_word' id='word_1_75' title='bbox 148 910 314 947; x_wconf 87' lang='lat' dir='ltr'><strong>namque</strong></span> <span class='ocrx_word' id='word_1_76' title='bbox 344 897 422 934; x_wconf 87' lang='lat' dir='ltr'><strong>fore</strong></span> <span class='ocrx_word' id='word_1_77' title='bbox 450 897 632 934; x_wconf 89' lang='lat' dir='ltr'><strong>illustrem</strong></span> <span class='ocrx_word' id='word_1_78' title='bbox 662 897 764 933; x_wconf 88' lang='lat' dir='ltr'><strong>fama</strong></span> <span class='ocrx_word' id='word_1_79' title='bbox 792 896 951 945; x_wconf 88' lang='lat' dir='ltr'><strong>fatisque</strong></span> <span class='ocrx_word' id='word_1_80' title='bbox 981 896 1170 932; x_wconf 85' lang='lat' dir='ltr'><strong>canebant</strong></span> 
     </span>
     <span class='ocr_line' id='line_1_15' title="bbox 147 955 1205 1006; baseline -0.004 -11"><span class='ocrx_word' id='word_1_81' title='bbox 147 959 282 1006; x_wconf 85' lang='lat' dir='ltr'><strong>ipsam,</strong></span> <span class='ocrx_word' id='word_1_82' title='bbox 314 956 381 993; x_wconf 91' lang='lat' dir='ltr'><strong>sed</strong></span> <span class='ocrx_word' id='word_1_83' title='bbox 409 956 555 1005; x_wconf 85' lang='lat' dir='ltr'><strong>populo</strong></span> <span class='ocrx_word' id='word_1_84' title='bbox 584 968 768 1004; x_wconf 85' lang='lat' dir='ltr'><strong>magnum</strong></span> <span class='ocrx_word' id='word_1_85' title='bbox 797 955 1024 1004; x_wconf 89' lang='lat' dir='ltr'><strong>portendere</strong></span> <span class='ocrx_word' id='word_1_86' title='bbox 1053 955 1205 991; x_wconf 87' lang='lat' dir='ltr'><strong>bellum.</strong></span> 
     </span>
     <span class='ocr_line' id='line_1_16' title="bbox 148 1013 1059 1057; baseline -0.003 -4"><span class='ocrx_word' id='word_1_87' title='bbox 148 1018 200 1053; x_wconf 89' lang='lat' dir='ltr'><strong>At</strong></span> <span class='ocrx_word' id='word_1_88' title='bbox 228 1028 295 1053; x_wconf 84' lang='lat' dir='ltr'><strong>rex</strong></span> <span class='ocrx_word' id='word_1_89' title='bbox 325 1015 506 1052; x_wconf 88' lang='lat' dir='ltr'><strong>sollicitus</strong></span> <span class='ocrx_word' id='word_1_90' title='bbox 535 1015 715 1051; x_wconf 88' lang='lat' dir='ltr'><strong>monstris</strong></span> <span class='ocrx_word' id='word_1_91' title='bbox 744 1014 898 1051; x_wconf 87' lang='lat' dir='ltr'><strong>oracula</strong></span> <span class='ocrx_word' id='word_1_92' title='bbox 926 1013 1059 1057; x_wconf 86' lang='lat' dir='ltr'><strong>Fauni,</strong></span> 
     </span>
    </p>

    <p class='ocr_par' dir='ltr' id='par_1_6' title="bbox 148 1073 1036 1124">
     <span class='ocr_line' id='line_1_17' title="bbox 148 1073 1036 1124; baseline -0.005 -10"><span class='ocrx_word' id='word_1_93' title='bbox 148 1076 290 1114; x_wconf 86' lang='lat' dir='ltr'><strong>fatidici</strong></span> <span class='ocrx_word' id='word_1_94' title='bbox 320 1075 512 1124; x_wconf 87' lang='lat' dir='ltr'><strong>genitoris,</strong></span> <span class='ocrx_word' id='word_1_95' title='bbox 543 1075 620 1111; x_wconf 91' lang='lat' dir='ltr'><strong>adit</strong></span> <span class='ocrx_word' id='word_1_96' title='bbox 648 1075 832 1123; x_wconf 86' lang='lat' dir='ltr'><strong>lucosque</strong></span> <span class='ocrx_word' id='word_1_97' title='bbox 863 1074 933 1111; x_wconf 92' lang='lat' dir='ltr'><strong>sub</strong></span> <span class='ocrx_word' id='word_1_98' title='bbox 962 1073 1036 1110; x_wconf 90' lang='lat' dir='ltr'><strong>alta</strong></span> 
     </span>
    </p>

    <p class='ocr_par' dir='ltr' id='par_1_7' title="bbox 148 1133 1219 1304">
     <span class='ocr_line' id='line_1_18' title="bbox 149 1133 1219 1182; baseline -0.004 -8"><span class='ocrx_word' id='word_1_99' title='bbox 149 1136 309 1174; x_wconf 90' lang='lat' dir='ltr'><strong>consulit</strong></span> <span class='ocrx_word' id='word_1_100' title='bbox 338 1135 524 1179; x_wconf 64' lang='lat' dir='ltr'><strong>Albunea3</strong></span> <span class='ocrx_word' id='word_1_101' title='bbox 555 1145 756 1171; x_wconf 88' lang='lat' dir='ltr'><strong>nemorum</strong></span> <span class='ocrx_word' id='word_1_102' title='bbox 787 1146 886 1182; x_wconf 89' lang='lat' dir='ltr'><strong>quae</strong></span> <span class='ocrx_word' id='word_1_103' title='bbox 914 1133 1083 1170; x_wconf 86' lang='lat' dir='ltr'><strong>maxima</strong></span> <span class='ocrx_word' id='word_1_104' title='bbox 1111 1145 1219 1171; x_wconf 89' lang='lat' dir='ltr'><strong>sacro</strong></span> 
     </span>
     <span class='ocr_line' id='line_1_19' title="bbox 148 1193 1218 1243; baseline -0.004 -9"><span class='ocrx_word' id='word_1_105' title='bbox 148 1197 252 1234; x_wconf 85' lang='lat' dir='ltr'><strong>fonte</strong></span> <span class='ocrx_word' id='word_1_106' title='bbox 282 1202 394 1234; x_wconf 88' lang='lat' dir='ltr'><strong>sonat</strong></span> <span class='ocrx_word' id='word_1_107' title='bbox 423 1207 651 1243; x_wconf 82' lang='lat' dir='ltr'><strong>saevamque</strong></span> <span class='ocrx_word' id='word_1_108' title='bbox 680 1194 829 1231; x_wconf 84' lang='lat' dir='ltr'><strong>exhalat</strong></span> <span class='ocrx_word' id='word_1_109' title='bbox 857 1206 981 1242; x_wconf 88' lang='lat' dir='ltr'><strong>opaca</strong></span> <span class='ocrx_word' id='word_1_110' title='bbox 1009 1193 1218 1242; x_wconf 89' lang='lat' dir='ltr'><strong>mephitim.</strong></span> 
     </span>
     <span class='ocr_line' id='line_1_20' title="bbox 149 1252 1150 1304; baseline -0.004 -11"><span class='ocrx_word' id='word_1_111' title='bbox 149 1257 254 1294; x_wconf 93' lang='lat' dir='ltr'><strong>Hinc</strong></span> <span class='ocrx_word' id='word_1_112' title='bbox 284 1255 401 1292; x_wconf 90' lang='lat' dir='ltr'><strong>Italae</strong></span> <span class='ocrx_word' id='word_1_113' title='bbox 430 1262 564 1304; x_wconf 85' lang='lat' dir='ltr'><strong>gentes</strong></span> <span class='ocrx_word' id='word_1_114' title='bbox 594 1254 797 1302; x_wconf 88' lang='lat' dir='ltr'><strong>omnisque</strong></span> <span class='ocrx_word' id='word_1_115' title='bbox 827 1252 1012 1291; x_wconf 87' lang='lat' dir='ltr'><strong>Oenotria</strong></span> <span class='ocrx_word' id='word_1_116' title='bbox 1041 1253 1150 1290; x_wconf 90' lang='lat' dir='ltr'><strong>tellus</strong></span> 
     </span>
    </p>

    <p class='ocr_par' dir='ltr' id='par_1_8' title="bbox 149 1312 1195 1532">
     <span class='ocr_line' id='line_1_21' title="bbox 149 1312 1193 1364; baseline -0.006 -10"><span class='ocrx_word' id='word_1_117' title='bbox 149 1319 188 1354; x_wconf 90' lang='lat' dir='ltr'><strong>in</strong></span> <span class='ocrx_word' id='word_1_118' title='bbox 218 1316 341 1354; x_wconf 90' lang='lat' dir='ltr'><strong>dubiis</strong></span> <span class='ocrx_word' id='word_1_119' title='bbox 369 1326 555 1364; x_wconf 88' lang='lat' dir='ltr'><strong>responsa</strong></span> <span class='ocrx_word' id='word_1_120' title='bbox 583 1320 740 1363; x_wconf 90' lang='lat' dir='ltr'><strong>petunt;</strong></span> <span class='ocrx_word' id='word_1_121' title='bbox 779 1313 853 1350; x_wconf 90' lang='lat' dir='ltr'><strong>huc</strong></span> <span class='ocrx_word' id='word_1_122' title='bbox 883 1313 986 1350; x_wconf 91' lang='lat' dir='ltr'><strong>dona</strong></span> <span class='ocrx_word' id='word_1_123' title='bbox 1015 1312 1193 1350; x_wconf 86' lang='lat' dir='ltr'><strong>sacerdos</strong></span> 
     </span>
     <span class='ocr_line' id='line_1_22' title="bbox 150 1371 1195 1414; baseline -0.006 -1"><span class='ocrx_word' id='word_1_124' title='bbox 150 1388 237 1414; x_wconf 88' lang='lat' dir='ltr'><strong>cum</strong></span> <span class='ocrx_word' id='word_1_125' title='bbox 267 1375 348 1413; x_wconf 84' lang='lat' dir='ltr'><strong>tulit</strong></span> <span class='ocrx_word' id='word_1_126' title='bbox 377 1380 414 1412; x_wconf 92' lang='lat' dir='ltr'><strong>et</strong></span> <span class='ocrx_word' id='word_1_127' title='bbox 444 1385 641 1411; x_wconf 87' lang='lat' dir='ltr'><strong>caesarum</strong></span> <span class='ocrx_word' id='word_1_128' title='bbox 670 1373 799 1410; x_wconf 90' lang='lat' dir='ltr'><strong>ovium</strong></span> <span class='ocrx_word' id='word_1_129' title='bbox 829 1373 899 1409; x_wconf 88' lang='lat' dir='ltr'><strong>sub</strong></span> <span class='ocrx_word' id='word_1_130' title='bbox 928 1378 1042 1410; x_wconf 91' lang='lat' dir='ltr'><strong>nocte</strong></span> <span class='ocrx_word' id='word_1_131' title='bbox 1072 1371 1195 1409; x_wconf 83' lang='lat' dir='ltr'><strong>silenti</strong></span> 
     </span>
     <span class='ocr_line' id='line_1_23' title="bbox 150 1431 1096 1485; baseline -0.004 -13"><span class='ocrx_word' id='word_1_132' title='bbox 150 1435 311 1485; x_wconf 89' lang='lat' dir='ltr'><strong>pellibus</strong></span> <span class='ocrx_word' id='word_1_133' title='bbox 342 1434 511 1471; x_wconf 88' lang='lat' dir='ltr'><strong>incubuit</strong></span> <span class='ocrx_word' id='word_1_134' title='bbox 540 1433 662 1470; x_wconf 88' lang='lat' dir='ltr'><strong>stratis</strong></span> <span class='ocrx_word' id='word_1_135' title='bbox 692 1443 928 1480; x_wconf 84' lang='lat' dir='ltr'><strong>somnosque</strong></span> <span class='ocrx_word' id='word_1_136' title='bbox 957 1431 1096 1480; x_wconf 90' lang='lat' dir='ltr'><strong>petivit,</strong></span> 
     </span>
     <span class='ocr_line' id='line_1_24' title="bbox 150 1490 1138 1532; baseline -0.005 -1"><span class='ocrx_word' id='word_1_137' title='bbox 150 1494 269 1532; x_wconf 90' lang='lat' dir='ltr'><strong>multa</strong></span> <span class='ocrx_word' id='word_1_138' title='bbox 297 1493 424 1530; x_wconf 89' lang='lat' dir='ltr'><strong>modis</strong></span> <span class='ocrx_word' id='word_1_139' title='bbox 455 1492 656 1530; x_wconf 89' lang='lat' dir='ltr'><strong>simulacra</strong></span> <span class='ocrx_word' id='word_1_140' title='bbox 684 1492 785 1528; x_wconf 90' lang='lat' dir='ltr'><strong>videt</strong></span> <span class='ocrx_word' id='word_1_141' title='bbox 813 1491 1007 1528; x_wconf 86' lang='lat' dir='ltr'><strong>volitantia</strong></span> <span class='ocrx_word' id='word_1_142' title='bbox 1035 1490 1138 1527; x_wconf 87' lang='lat' dir='ltr'><strong>miris</strong></span> 
     </span>
    </p>

    <p class='ocr_par' dir='ltr' id='par_1_9' title="bbox 151 1550 1219 1778">
     <span class='ocr_line' id='line_1_25' title="bbox 151 1550 1041 1600; baseline -0.006 -9"><span class='ocrx_word' id='word_1_143' title='bbox 151 1560 188 1591; x_wconf 89' lang='lat' dir='ltr'><strong>et</strong></span> <span class='ocrx_word' id='word_1_144' title='bbox 217 1553 337 1590; x_wconf 89' lang='lat' dir='ltr'><strong>varias</strong></span> <span class='ocrx_word' id='word_1_145' title='bbox 366 1552 469 1589; x_wconf 90' lang='lat' dir='ltr'><strong>audit</strong></span> <span class='ocrx_word' id='word_1_146' title='bbox 498 1563 613 1589; x_wconf 92' lang='lat' dir='ltr'><strong>voces</strong></span> <span class='ocrx_word' id='word_1_147' title='bbox 642 1551 850 1600; x_wconf 84' lang='lat' dir='ltr'><strong>fruiturque</strong></span> <span class='ocrx_word' id='word_1_148' title='bbox 881 1550 1041 1587; x_wconf 90' lang='lat' dir='ltr'><strong>deorum</strong></span> 
     </span>
     <span class='ocr_line' id='line_1_26' title="bbox 152 1608 1210 1661; baseline -0.004 -11"><span class='ocrx_word' id='word_1_149' title='bbox 152 1612 344 1661; x_wconf 91' lang='lat' dir='ltr'><strong>colloquio</strong></span> <span class='ocrx_word' id='word_1_150' title='bbox 373 1618 486 1660; x_wconf 90' lang='lat' dir='ltr'><strong>atque</strong></span> <span class='ocrx_word' id='word_1_151' title='bbox 516 1611 599 1647; x_wconf 87' lang='lat' dir='ltr'><strong>imis</strong></span> <span class='ocrx_word' id='word_1_152' title='bbox 628 1609 848 1647; x_wconf 85' lang='lat' dir='ltr'><strong>Acheronta</strong></span> <span class='ocrx_word' id='word_1_153' title='bbox 877 1609 1011 1646; x_wconf 85' lang='lat' dir='ltr'><strong>affatur</strong></span> <span class='ocrx_word' id='word_1_154' title='bbox 1039 1608 1210 1646; x_wconf 87' lang='lat' dir='ltr'><strong>Avernis.</strong></span> 
     </span>
     <span class='ocr_line' id='line_1_27' title="bbox 152 1667 1219 1719; baseline -0.005 -10"><span class='ocrx_word' id='word_1_155' title='bbox 152 1672 230 1709; x_wconf 92' lang='lat' dir='ltr'><strong>Hic</strong></span> <span class='ocrx_word' id='word_1_156' title='bbox 259 1678 296 1708; x_wconf 94' lang='lat' dir='ltr'><strong>et</strong></span> <span class='ocrx_word' id='word_1_157' title='bbox 324 1677 403 1708; x_wconf 86' lang='lat' dir='ltr'><strong>tum</strong></span> <span class='ocrx_word' id='word_1_158' title='bbox 433 1676 540 1719; x_wconf 90' lang='lat' dir='ltr'><strong>pater</strong></span> <span class='ocrx_word' id='word_1_159' title='bbox 569 1670 650 1718; x_wconf 90' lang='lat' dir='ltr'><strong>ipse</strong></span> <span class='ocrx_word' id='word_1_160' title='bbox 679 1676 815 1718; x_wconf 91' lang='lat' dir='ltr'><strong>petens</strong></span> <span class='ocrx_word' id='word_1_161' title='bbox 843 1680 1031 1717; x_wconf 87' lang='lat' dir='ltr'><strong>responsa</strong></span> <span class='ocrx_word' id='word_1_162' title='bbox 1060 1667 1219 1705; x_wconf 90' lang='lat' dir='ltr'><strong>Latinus</strong></span> 
     </span>
     <span class='ocr_line' id='line_1_28' title="bbox 152 1728 1040 1778; baseline -0.005 -10"><span class='ocrx_word' id='word_1_163' title='bbox 152 1737 307 1769; x_wconf 89' lang='lat' dir='ltr'><strong>centum</strong></span> <span class='ocrx_word' id='word_1_164' title='bbox 335 1730 522 1778; x_wconf 87' lang='lat' dir='ltr'><strong>lanigeras</strong></span> <span class='ocrx_word' id='word_1_165' title='bbox 551 1729 743 1765; x_wconf 84' lang='lat' dir='ltr'><strong>mactabat</strong></span> <span class='ocrx_word' id='word_1_166' title='bbox 772 1728 839 1765; x_wconf 90' lang='lat' dir='ltr'><strong>rite</strong></span> <span class='ocrx_word' id='word_1_167' title='bbox 870 1728 1040 1764; x_wconf 90' lang='lat' dir='ltr'><strong>bidentes</strong></span> 
     </span>
    </p>

    <p class='ocr_par' dir='ltr' id='par_1_10' title="bbox 152 1787 1225 1959">
     <span class='ocr_line' id='line_1_29' title="bbox 152 1787 1146 1839; baseline -0.004 -12"><span class='ocrx_word' id='word_1_168' title='bbox 152 1797 267 1839; x_wconf 85' lang='lat' dir='ltr'><strong>atque</strong></span> <span class='ocrx_word' id='word_1_169' title='bbox 295 1789 429 1826; x_wconf 83' lang='lat' dir='ltr'><strong>harum</strong></span> <span class='ocrx_word' id='word_1_170' title='bbox 459 1788 609 1825; x_wconf 85' lang='lat' dir='ltr'><strong>effultus</strong></span> <span class='ocrx_word' id='word_1_171' title='bbox 638 1795 746 1836; x_wconf 85' lang='lat' dir='ltr'><strong>tergo</strong></span> <span class='ocrx_word' id='word_1_172' title='bbox 776 1787 973 1836; x_wconf 86' lang='lat' dir='ltr'><strong>stratisque</strong></span> <span class='ocrx_word' id='word_1_173' title='bbox 1002 1787 1146 1823; x_wconf 88' lang='lat' dir='ltr'><strong>iacebat</strong></span> 
     </span>
     <span class='ocr_line' id='line_1_30' title="bbox 153 1846 1225 1887; baseline -0.002 -1"><span class='ocrx_word' id='word_1_174' title='bbox 153 1849 375 1887; x_wconf 86' lang='lat' dir='ltr'><strong>velleribus:</strong></span> <span class='ocrx_word' id='word_1_175' title='bbox 415 1848 539 1885; x_wconf 87' lang='lat' dir='ltr'><strong>subita</strong></span> <span class='ocrx_word' id='word_1_176' title='bbox 569 1860 616 1885; x_wconf 83' lang='lat' dir='ltr'><strong>ex</strong></span> <span class='ocrx_word' id='word_1_177' title='bbox 645 1847 722 1884; x_wconf 87' lang='lat' dir='ltr'><strong>alto</strong></span> <span class='ocrx_word' id='word_1_178' title='bbox 751 1858 825 1884; x_wconf 88' lang='lat' dir='ltr'><strong>vox</strong></span> <span class='ocrx_word' id='word_1_179' title='bbox 855 1846 1002 1883; x_wconf 89' lang='lat' dir='ltr'><strong>reddita</strong></span> <span class='ocrx_word' id='word_1_180' title='bbox 1030 1846 1116 1883; x_wconf 89' lang='lat' dir='ltr'><strong>luco</strong></span> <span class='ocrx_word' id='word_1_181' title='bbox 1144 1852 1225 1884; x_wconf 85' lang='lat' dir='ltr'><strong>est:</strong></span> 
     </span>
     <span class='ocr_line' id='line_1_31' title="bbox 153 1906 1075 1959; baseline -0.005 -12"><span class='ocrx_word' id='word_1_182' title='bbox 153 1911 238 1947; x_wconf 85' lang='lat' dir='ltr'><strong>‘Ne</strong></span> <span class='ocrx_word' id='word_1_183' title='bbox 268 1917 354 1959; x_wconf 90' lang='lat' dir='ltr'><strong>pete</strong></span> <span class='ocrx_word' id='word_1_184' title='bbox 383 1908 557 1946; x_wconf 90' lang='lat' dir='ltr'><strong>conubiis</strong></span> <span class='ocrx_word' id='word_1_185' title='bbox 586 1915 715 1945; x_wconf 87' lang='lat' dir='ltr'><strong>natam</strong></span> <span class='ocrx_word' id='word_1_186' title='bbox 745 1907 889 1945; x_wconf 89' lang='lat' dir='ltr'><strong>sociare</strong></span> <span class='ocrx_word' id='word_1_187' title='bbox 919 1906 1075 1950; x_wconf 90' lang='lat' dir='ltr'><strong>Latinis,</strong></span> 
     </span>
    </p>

    <p class='ocr_par' dir='ltr' id='par_1_11' title="bbox 153 1965 1301 2491">
     <span class='ocr_line' id='line_1_32' title="bbox 153 1965 1184 2017; baseline -0.006 -11"><span class='ocrx_word' id='word_1_188' title='bbox 153 1982 178 2007; x_wconf 94' lang='lat' dir='ltr'><strong>o</strong></span> <span class='ocrx_word' id='word_1_189' title='bbox 209 1981 294 2006; x_wconf 90' lang='lat' dir='ltr'><strong>mea</strong></span> <span class='ocrx_word' id='word_1_190' title='bbox 322 1968 538 2017; x_wconf 84' lang='lat' dir='ltr'><strong>progenies,</strong></span> <span class='ocrx_word' id='word_1_191' title='bbox 569 1967 745 2004; x_wconf 87' lang='lat' dir='ltr'><strong>thalamis</strong></span> <span class='ocrx_word' id='word_1_192' title='bbox 775 1978 851 2004; x_wconf 91' lang='lat' dir='ltr'><strong>neu</strong></span> <span class='ocrx_word' id='word_1_193' title='bbox 879 1965 992 2003; x_wconf 88' lang='lat' dir='ltr'><strong>crede</strong></span> <span class='ocrx_word' id='word_1_194' title='bbox 1021 1965 1184 2014; x_wconf 88' lang='lat' dir='ltr'><strong>paratis:</strong></span> 
     </span>
     <span class='ocr_line' id='line_1_33' title="bbox 153 2025 1166 2076; baseline -0.005 -11"><span class='ocrx_word' id='word_1_195' title='bbox 153 2028 299 2066; x_wconf 83' lang='lat' dir='ltr'><strong>externi</strong></span> <span class='ocrx_word' id='word_1_196' title='bbox 329 2028 481 2064; x_wconf 89' lang='lat' dir='ltr'><strong>venient</strong></span> <span class='ocrx_word' id='word_1_197' title='bbox 510 2028 653 2075; x_wconf 88' lang='lat' dir='ltr'><strong>generi,</strong></span> <span class='ocrx_word' id='word_1_198' title='bbox 682 2027 747 2076; x_wconf 92' lang='lat' dir='ltr'><strong>qui</strong></span> <span class='ocrx_word' id='word_1_199' title='bbox 777 2025 962 2074; x_wconf 87' lang='lat' dir='ltr'><strong>sanguine</strong></span> <span class='ocrx_word' id='word_1_200' title='bbox 991 2030 1166 2061; x_wconf 84' lang='lat' dir='ltr'><strong>nostrum</strong></span> 
     </span>
     <span class='ocr_line' id='line_1_34' title="bbox 154 2085 1301 2137; baseline -0.005 -10"><span class='ocrx_word' id='word_1_201' title='bbox 154 2102 297 2128; x_wconf 90' lang='lat' dir='ltr'><strong>nomen</strong></span> <span class='ocrx_word' id='word_1_202' title='bbox 328 2090 365 2125; x_wconf 90' lang='lat' dir='ltr'><strong>in</strong></span> <span class='ocrx_word' id='word_1_203' title='bbox 394 2095 495 2126; x_wconf 88' lang='lat' dir='ltr'><strong>astra</strong></span> <span class='ocrx_word' id='word_1_204' title='bbox 523 2088 643 2125; x_wconf 88' lang='lat' dir='ltr'><strong>ferant</strong></span> <span class='ocrx_word' id='word_1_205' title='bbox 673 2098 913 2137; x_wconf 90' lang='lat' dir='ltr'><strong>quorumque</strong></span> <span class='ocrx_word' id='word_1_206' title='bbox 942 2097 964 2122; x_wconf 91' lang='lat' dir='ltr'><strong>a</strong></span> <span class='ocrx_word' id='word_1_207' title='bbox 993 2085 1108 2135; x_wconf 89' lang='lat' dir='ltr'><strong>stirpe</strong></span> <span class='ocrx_word' id='word_1_208' title='bbox 1138 2092 1301 2133; x_wconf 87' lang='lat' dir='ltr'><strong>nepotes</strong></span> 
     </span>
     <span class='ocr_line' id='line_1_35' title="bbox 154 2147 1243 2197; baseline -0.004 -11"><span class='ocrx_word' id='word_1_209' title='bbox 154 2150 285 2187; x_wconf 87' lang='lat' dir='ltr'><strong>omnia</strong></span> <span class='ocrx_word' id='word_1_210' title='bbox 314 2149 384 2185; x_wconf 88' lang='lat' dir='ltr'><strong>sub</strong></span> <span class='ocrx_word' id='word_1_211' title='bbox 413 2148 587 2197; x_wconf 91' lang='lat' dir='ltr'><strong>pedibus,</strong></span> <span class='ocrx_word' id='word_1_212' title='bbox 617 2156 700 2196; x_wconf 56' lang='lat' dir='ltr'><strong>qua*</strong></span> <span class='ocrx_word' id='word_1_213' title='bbox 722 2147 788 2184; x_wconf 87' lang='lat' dir='ltr'><strong>Sol</strong></span> <span class='ocrx_word' id='word_1_214' title='bbox 816 2153 1017 2193; x_wconf 90' lang='lat' dir='ltr'><strong>utrumque</strong></span> <span class='ocrx_word' id='word_1_215' title='bbox 1046 2156 1243 2182; x_wconf 84' lang='lat' dir='ltr'><strong>recurrens</strong></span> 
     </span>
     <span class='ocr_line' id='line_1_36' title="bbox 155 2202 1145 2257; baseline -0.007 -11"><span class='ocrx_word' id='word_1_216' title='bbox 155 2208 288 2257; x_wconf 88' lang='lat' dir='ltr'><strong>aspicit</strong></span> <span class='ocrx_word' id='word_1_217' title='bbox 318 2206 529 2251; x_wconf 89' lang='lat' dir='ltr'><strong>Oceanum,</strong></span> <span class='ocrx_word' id='word_1_218' title='bbox 559 2207 727 2255; x_wconf 90' lang='lat' dir='ltr'><strong>vertique</strong></span> <span class='ocrx_word' id='word_1_219' title='bbox 757 2206 913 2254; x_wconf 88' lang='lat' dir='ltr'><strong>regique</strong></span> <span class='ocrx_word' id='word_1_220' title='bbox 943 2202 1145 2240; x_wconf 61' lang='lat' dir='ltr'><strong>videbunt?</strong></span> 
     </span>
     <span class='ocr_line' id='line_1_37' title="bbox 157 2263 1195 2315; baseline -0.005 -10"><span class='ocrx_word' id='word_1_221' title='bbox 157 2268 267 2305; x_wconf 90' lang='lat' dir='ltr'><strong>Haec</strong></span> <span class='ocrx_word' id='word_1_222' title='bbox 295 2278 479 2315; x_wconf 89' lang='lat' dir='ltr'><strong>responsa</strong></span> <span class='ocrx_word' id='word_1_223' title='bbox 506 2266 622 2315; x_wconf 89' lang='lat' dir='ltr'><strong>patris</strong></span> <span class='ocrx_word' id='word_1_224' title='bbox 651 2266 772 2303; x_wconf 88' lang='lat' dir='ltr'><strong>Fauni</strong></span> <span class='ocrx_word' id='word_1_225' title='bbox 800 2265 1044 2312; x_wconf 88' lang='lat' dir='ltr'><strong>monitusque</strong></span> <span class='ocrx_word' id='word_1_226' title='bbox 1074 2263 1195 2300; x_wconf 89' lang='lat' dir='ltr'><strong>silenti</strong></span> 
     </span>
     <span class='ocr_line' id='line_1_38' title="bbox 157 2322 1185 2374; baseline -0.006 -10"><span class='ocrx_word' id='word_1_227' title='bbox 157 2333 270 2365; x_wconf 90' lang='lat' dir='ltr'><strong>nocte</strong></span> <span class='ocrx_word' id='word_1_228' title='bbox 298 2327 408 2363; x_wconf 90' lang='lat' dir='ltr'><strong>datos</strong></span> <span class='ocrx_word' id='word_1_229' title='bbox 437 2337 517 2363; x_wconf 91' lang='lat' dir='ltr'><strong>non</strong></span> <span class='ocrx_word' id='word_1_230' title='bbox 546 2326 628 2374; x_wconf 90' lang='lat' dir='ltr'><strong>ipse</strong></span> <span class='ocrx_word' id='word_1_231' title='bbox 658 2337 728 2362; x_wconf 90' lang='lat' dir='ltr'><strong>suo</strong></span> <span class='ocrx_word' id='word_1_232' title='bbox 757 2324 895 2374; x_wconf 90' lang='lat' dir='ltr'><strong>premit</strong></span> <span class='ocrx_word' id='word_1_233' title='bbox 922 2334 986 2360; x_wconf 93' lang='lat' dir='ltr'><strong>ore</strong></span> <span class='ocrx_word' id='word_1_234' title='bbox 1015 2322 1185 2368; x_wconf 88' lang='lat' dir='ltr'><strong>Latinus,</strong></span> 
     </span>
     <span class='ocr_line' id='line_1_39' title="bbox 157 2382 1177 2432; baseline -0.005 -8"><span class='ocrx_word' id='word_1_235' title='bbox 157 2387 225 2424; x_wconf 89' lang='lat' dir='ltr'><strong>sed</strong></span> <span class='ocrx_word' id='word_1_236' title='bbox 254 2387 395 2423; x_wconf 91' lang='lat' dir='ltr'><strong>circum</strong></span> <span class='ocrx_word' id='word_1_237' title='bbox 424 2385 497 2422; x_wconf 91' lang='lat' dir='ltr'><strong>late</strong></span> <span class='ocrx_word' id='word_1_238' title='bbox 526 2385 687 2422; x_wconf 86' lang='lat' dir='ltr'><strong>volitans</strong></span> <span class='ocrx_word' id='word_1_239' title='bbox 716 2384 792 2421; x_wconf 89' lang='lat' dir='ltr'><strong>iam</strong></span> <span class='ocrx_word' id='word_1_240' title='bbox 821 2384 941 2421; x_wconf 84' lang='lat' dir='ltr'><strong>Fama</strong></span> <span class='ocrx_word' id='word_1_241' title='bbox 969 2393 1037 2432; x_wconf 92' lang='lat' dir='ltr'><strong>per</strong></span> <span class='ocrx_word' id='word_1_242' title='bbox 1065 2382 1177 2419; x_wconf 90' lang='lat' dir='ltr'><strong>urbes</strong></span> 
     </span>
     <span class='ocr_line' id='line_1_40' title="bbox 156 2440 1104 2491; baseline -0.006 -8"><span class='ocrx_word' id='word_1_243' title='bbox 156 2445 350 2484; x_wconf 83' lang='lat' dir='ltr'><strong>Ausonias</strong></span> <span class='ocrx_word' id='word_1_244' title='bbox 378 2444 521 2490; x_wconf 85' lang='lat' dir='ltr'><strong>tulerat,</strong></span> <span class='ocrx_word' id='word_1_245' title='bbox 553 2456 641 2482; x_wconf 89' lang='lat' dir='ltr'><strong>cum</strong></span> <span class='ocrx_word' id='word_1_246' title='bbox 670 2442 953 2481; x_wconf 89' lang='lat' dir='ltr'><strong>Laomedontia</strong></span> <span class='ocrx_word' id='word_1_247' title='bbox 981 2440 1104 2491; x_wconf 88' lang='lat' dir='ltr'><strong>pubes</strong></span> 
     </span>
    </p>
   </div>
   <div class='ocr_carea' id='block_1_3' title="bbox 1491 668 1529 703">
    <p class='ocr_par' dir='ltr' id='par_1_12' title="bbox 1491 668 1529 703">
     <span class='ocr_line' id='line_1_41' title="bbox 1491 668 1529 703; baseline -0.026 0"><span class='ocrx_word' id='word_1_248' title='bbox 1491 668 1529 703; x_wconf 84' lang='lat'><strong>75</strong></span> 
     </span>
    </p>
   </div>
   <div class='ocr_carea' id='block_1_4' title="bbox 1491 959 1533 990">
    <p class='ocr_par' dir='ltr' id='par_1_13' title="bbox 1491 959 1533 990">
     <span class='ocr_line' id='line_1_42' title="bbox 1491 959 1533 990; baseline 0 0"><span class='ocrx_word' id='word_1_249' title='bbox 1491 959 1533 990; x_wconf 85' lang='lat'><strong>80</strong></span> 
     </span>
    </p>
   </div>
   <div class='ocr_carea' id='block_1_5' title="bbox 1493 1563 1536 1595">
    <p class='ocr_par' dir='ltr' id='par_1_14' title="bbox 1493 1563 1536 1595">
     <span class='ocr_line' id='line_1_43' title="bbox 1493 1563 1536 1595; baseline 0 -12"><span class='ocrx_word' id='word_1_250' title='bbox 1493 1563 1536 1595; x_wconf 78' lang='lat'><strong>90</strong></span> 
     </span>
    </p>
   </div>
   <div class='ocr_carea' id='block_1_6' title="bbox 1496 1860 1535 1891">
    <p class='ocr_par' dir='ltr' id='par_1_15' title="bbox 1496 1860 1535 1891">
     <span class='ocr_line' id='line_1_44' title="bbox 1496 1860 1535 1891; baseline -0.026 0"><span class='ocrx_word' id='word_1_251' title='bbox 1496 1860 1535 1891; x_wconf 86' lang='lat'><strong>95</strong></span> 
     </span>
    </p>
   </div>
   <div class='ocr_carea' id='block_1_7' title="bbox 1477 2158 1538 2181">
    <p class='ocr_par' dir='ltr' id='par_1_16' title="bbox 1477 2158 1538 2181">
     <span class='ocr_line' id='line_1_45' title="bbox 1477 2158 1538 2181; baseline -0.016 0"><span class='ocrx_word' id='word_1_252' title='bbox 1477 2158 1538 2181; x_wconf 91' lang='lat'><strong>100</strong></span> 
     </span>
    </p>
   </div>
   <div class='ocr_carea' id='block_1_8' title="bbox 1477 2454 1536 2487">
    <p class='ocr_par' dir='ltr' id='par_1_17' title="bbox 1477 2454 1536 2487">
     <span class='ocr_line' id='line_1_46' title="bbox 1477 2454 1536 2487; baseline -0.017 -9"><span class='ocrx_word' id='word_1_253' title='bbox 1477 2454 1536 2487; x_wconf 85' lang='lat'><strong>105</strong></span> 
     </span>
    </p>
   </div>
  </div>
 </body>
</html>
