1669 2737
548 97 717 133 LIBER
752 97 859 134 νηί.
892 90 1033 147 380-4
1035 102 1101 146 57.

135 214 242 244 antra
270 206 443 245 Aetnaea
469 212 605 244 tonant
632 205 819 254 validique
853 205 1055 243 incudibus
1085 206 1182 243 ictus

135 266 250 303 auditi
278 266 443 303 referunt
469 266 633 314 gemitus
663 265 903 313 striduntque
932 265 1104 302 cavernis

135 326 329 363 stricturae
359 324 575 374 Chalybum
603 330 640 362 et
667 323 884 360 fornacibus
914 323 1012 372 ignis
1042 322 1204 368 anhelat,

135 385 298 422 Vulcani
327 385 465 422 domus
493 392 530 422 et
558 383 745 421 Vulcania
775 383 932 420 nomine
963 383 1080 419 tellus.

136 444 227 483 Hoc
253 451 345 482 tunc
374 444 602 493 Ignipotens
631 443 738 480 caelo
767 441 966 479 descendit
995 442 1044 478 ab
1073 441 1161 478 alto.

135 504 291 543 Ferrum
320 505 548 542 exercebant
576 510 683 541 vasto
715 501 905 550 Cyclopes
935 501 973 538 in
1004 508 1123 544 antro,

135 564 376 613 Brontesque
406 563 661 612 Steropesque
691 569 727 599 et
756 561 881 598 nudus
915 561 1089 597 membra
1118 560 1345 610 Pyracmon.

135 623 208 661 His
235 623 481 660 informatum
510 623 689 659 manibus
719 622 795 658 iam
822 627 927 669 parte
956 620 1077 669 polita

135 682 280 719 fulmen
308 688 398 726 erat,
428 687 511 718 toto
542 680 702 718 Genitor
731 693 829 730 quae
859 680 1022 729 plurima
1051 679 1157 718 caelo

135 741 261 783 delicit
288 741 327 777 in
355 747 482 784 terras,
512 751 600 788 pars
629 739 853 788 imperfecta
881 739 1072 776 manebat.

136 800 235 837 Tres
262 800 392 836 imbris
421 799 508 836 torti
536 799 675 843 radios,
704 805 778 836 tres
807 799 920 836 nubis
949 811 1118 848 aquosae

135 858 370 902 addiderant,
399 857 496 894 rutili
525 863 600 894 tres
629 857 728 906 ignis
758 864 794 894 et
823 858 918 895 alitis
949 859 1100 895 Austri:

135 917 302 966 fulgores
331 929 433 953 nunc
463 916 644 953 terrificos
673 917 919 966 sonitumque
948 924 1171 966 metumque

133 976 346 1013 miscebant
373 976 481 1025 operi
508 975 751 1025 flammisque
781 977 1006 1026 sequacibus
1037 977 1121 1013 iras.

135 1035 247 1072 Parte
275 1035 348 1072 alia
377 1034 492 1072 Marti
520 1048 746 1084 currumque
776 1043 954 1085 rotasque
983 1035 1156 1072 volucres

135 1094 338 1138 instabant,
369 1094 506 1142 quibus
536 1094 596 1131 ille
625 1095 739 1140 viros,
769 1095 906 1143 quibus
937 1095 1074 1131 excitat
1102 1093 1240 1139 urbes;

136 1153 347 1202 aegidaque
375 1153 610 1199 horriferam,
640 1155 811 1191 turbatae
840 1153 1002 1191 Palladis
1031 1165 1149 1198 arma,

136 1213 306 1249 certatim
336 1213 504 1261 squamis
533 1221 754 1262 serpentum
782 1225 951 1262 auroque
982 1213 1152 1262 polibant

137 1284 385 1321 conexosque
414 1284 560 1321 angues
590 1274 792 1321 ipsamque
822 1273 860 1309 in
890 1281 1046 1321 pectore
1076 1273 1183 1310 divae

138 1330 337 1379 Gorgona,
366 1331 521 1368 desecto
550 1340 760 1368 vertentem
790 1332 933 1368 lumina
963 1331 1073 1369 collo.

84 1432 87 1434 ,
140 1389 302 1427 ‘Tollite
332 1389 488 1427 cuncta'
518 1391 641 1439 inquit
671 1394 929 1439 ‘coeptosque
959 1391 1100 1428 auferte
1130 1391 1290 1436 labores,

137 1449 299 1486 Aetnaei
327 1448 529 1497 Cyclopes,
559 1456 597 1486 et
626 1449 701 1486 huc
730 1450 911 1486 advertite
941 1444 1133 1487 mentem:

139 1520 244 1545 arma
272 1509 349 1544 acri
378 1507 554 1545 facienda
582 1508 674 1553 viro,
704 1521 808 1545 nunc
837 1509 975 1545 viribus
1004 1521 1106 1552 usus,

139 1580 243 1606 nunc
272 1568 450 1605 manibus
479 1568 632 1617 rapidis,
663 1568 770 1605 omni
799 1580 903 1605 nunc
933 1576 1009 1605 arte
1038 1569 1230 1616 magistra.

139 1628 381 1677 praecipitate
409 1626 559 1665 moras.'
617 1627 701 1664 Nec
730 1627 838 1676 plura
867 1627 1023 1673 effatus;
1064 1636 1101 1665 at
1130 1627 1183 1664 illi

139 1688 246 1725 ocius
274 1688 481 1724 incubuere
510 1698 647 1724 omnes
677 1686 893 1736 pariterque
922 1686 1092 1724 laborem

140 1746 270 1784 sortiti.
325 1745 425 1782 Fluit
454 1758 518 1782 aes
547 1746 633 1782 rivis
662 1745 820 1794 aurique
849 1746 1057 1790 metallum,

139 1805 413 1854 vulnificusque
442 1805 598 1854 chalybs
626 1813 733 1841 vasta
760 1805 917 1842 fornace
947 1805 1131 1854 liquescit.

141 1865 345 1914 Ingentem
373 1865 536 1913 clipeum
566 1864 782 1911 informant,
813 1877 934 1902 unum
963 1865 1092 1902 omnia
1127 1870 1260 1901 contra

140 1924 215 1961 tela
242 1923 478 1968 Latinorum,
509 1931 767 1972 septenosque
797 1925 953 1961 orbibus
988 1925 1100 1961 orbes

141 1983 364 2032 impediunt.
420 1983 494 2019 Alii
522 1984 689 2020 ventosis
719 1983 870 2021 follibus
899 1996 1009 2020 auras

142 2043 334 2092 accipiunt
361 2042 614 2092 redduntque,
642 2043 703 2079 alii
732 2043 928 2080 stridentia
957 2044 1108 2092 tingunt

143 2116 231 2141 aera
258 2103 353 2140 lacu.
410 2101 540 2139 Gemit
569 2102 756 2150 impositis
785 2102 987 2139 incudibus
1015 2110 1176 2139 antrum.

143 2162 202 2200 Illi
231 2163 327 2199 inter
355 2173 439 2199 sese
469 2160 588 2198 multa
616 2162 650 2197 vi
679 2161 857 2198 bracchia
886 2161 1023 2198 tollunt

142 2224 182 2261 in
208 2233 410 2259 numerum
437 2228 663 2269 versantque
691 2221 815 2257 tenaci
845 2220 990 2268 forcipe
1023 2232 1200 2257 massam.

197 2281 307 2318 Haec
334 2286 440 2329 pater
468 2279 612 2316 Aeoliis
642 2286 822 2327 properat
851 2279 942 2316 dum
972 2279 1156 2316 Lemnius
1186 2279 1272 2323 oris,

141 2341 363 2379 Evandrum
392 2351 440 2376 ex
467 2338 600 2375 humili
631 2345 731 2375 tecto
760 2338 824 2374 lux
854 2338 1008 2375 suscitat
1036 2337 1136 2374 alma

141 2407 180 2438 et
206 2398 379 2436 matutini
407 2397 605 2435 volucrum
635 2397 705 2433 sub
734 2396 899 2433 culmine
929 2402 1072 2434 cantus.

142 2458 350 2506 Consurgit
378 2456 505 2493 senior
533 2455 737 2504 tunicaque
766 2455 954 2493 inducitur
983 2462 1084 2493 artus

798 2537 868 2564 R2

1439 105 1519 148 243

1457 280 1521 310 420

1459 1166 1520 1196 435

1461 1463 1524 1495 440

1464 1761 1526 1791 445

1460 2351 1521 2382 455
