1669 2737
558 80 726 114 LIBER
756 80 851 117 ΧΗ.
889 73 1056 126 728-80
1060 84 1099 126 5.

138 189 202 227 hic
231 197 396 236 steterat,
426 191 552 227 nautis
581 190 672 227 olim
701 189 917 227 venerabile
946 188 1106 236 lignum,

139 249 274 286 servati
303 261 351 286 ex
381 249 493 287 undis
522 250 587 286 ubi
617 249 732 298 figere
763 248 865 285 dona
894 247 1071 285 solebant

139 307 321 345 Laurenti
351 309 439 346 divo
469 316 505 346 et
535 317 643 346 votas
674 308 908 357 suspendere
937 314 1086 353 vestes;

139 368 207 405 sed
237 369 394 418 stirpem
423 368 566 406 Teucri
595 368 700 405 nullo
731 368 950 405 discrimine
980 379 1130 403 sacrum

138 429 379 475 sustulerant,
409 441 507 479 puro
537 436 576 466 ut
606 436 764 478 possent
794 439 1023 465 concurrere
1053 439 1205 477 campo.

138 487 216 525 Hic
245 488 354 525 hasta
381 489 537 526 Aeneae
567 489 701 534 stabat,
732 488 806 525 huc
836 489 1003 536 impetus
1033 487 1134 524 illam

139 548 323 586 detulerat
352 549 468 585 fixam
497 557 532 586 et
561 549 663 586 lenta
693 548 821 585 radice
851 548 1015 584 tenebat.

138 608 310 645 incubuit
339 608 533 657 voluitque
562 621 679 646 manu
709 608 922 645 convellere
953 607 1094 644 ferrum

138 667 381 705 Dardanides
411 668 563 717 teloque
594 668 713 718 sequi,
745 680 861 717 quem
891 667 1078 716 prendere
1108 679 1221 704 cursu

138 739 218 764 non
248 735 406 776 poterat.
466 728 571 765 Tum
600 740 689 765 vero
719 740 852 765 amens
882 726 1084 764 formidine
1114 726 1271 765 Turnus

139 786 306 831 ‘Faune‚
335 799 483 835 precor,
512 786 716 825 miserere’
748 788 870 836 inquit
900 790 1038 835 ‘tuque
1069 787 1217 836 optima
1245 788 1384 825 ferrum

138 855 237 884 terra
263 853 363 892 tene,
395 847 496 885 colui
524 843 670 885 vestros
701 848 731 885 si
762 860 914 896 semper
944 847 1126 891 honores,

138 919 238 956 quos
266 913 400 945 contra
428 909 638 946 Aeneadae
667 908 768 946 bello
798 907 922 945 fecere
952 905 1159 956 profanos!

137 966 244 1004 Dixit
273 979 468 1018 opemque
498 968 559 1006 dei
589 980 669 1005 non
701 980 812 1006 cassa
842 968 880 1004 in
909 975 998 1004 vota
1027 967 1186 1004 vocavit.

138 1025 321 1076 Namque
350 1027 414 1065 diu
443 1027 593 1066 luctans
623 1029 804 1077 lentoque
833 1028 873 1064 in
903 1028 1018 1076 stirpe
1047 1034 1217 1064 moratus

137 1086 279 1123 viribus
308 1085 413 1124 haud
440 1087 526 1124 ullis
556 1087 670 1125 valuit
700 1087 912 1124 discludere
942 1097 1095 1123 morsus

138 1146 289 1183 roboris
318 1147 482 1184 Aeneas.
539 1147 645 1184 Dum
676 1148 804 1184 nititur
833 1159 922 1183 acer
951 1152 987 1182 et
1017 1147 1143 1191 instat,

137 1218 266 1244 rursus
296 1206 335 1243 in
365 1207 519 1255 aurigae
549 1207 686 1244 faciem
715 1214 861 1244 mutata
891 1205 1044 1242 Metisci

139 1267 325 1315 procurrit
354 1266 532 1317 fratrique
562 1280 696 1305 ensem
726 1267 799 1304 dea
828 1266 981 1303 Daunia
1010 1264 1142 1302 reddit.

140 1325 260 1372 Quod
288 1325 422 1363 Venus
451 1327 587 1364 audaci
616 1326 822 1376 Nymphae
852 1325 1052 1373 indignata
1081 1323 1195 1362 licere

139 1386 302 1424 accessit
329 1386 525 1436 telumque
555 1386 631 1424 alta
659 1387 707 1424 ab
737 1386 865 1423 radice
896 1384 1049 1422 revellit.

140 1444 217 1483 Olli
245 1446 438 1492 sublimes,
470 1447 585 1484 armis
615 1447 830 1495 animisque
859 1444 1002 1490 refecti,

138 1505 201 1543 hic
230 1505 360 1555 gladio
389 1506 522 1552 fidens,
554 1506 615 1544 hic
644 1518 732 1543 acer
762 1513 799 1542 et
828 1505 967 1542 arduus
997 1503 1119 1550 hasta,

139 1566 321 1603 assistunt
351 1556 485 1604 contra
514 1567 723 1604 certamine
754 1565 889 1602 Martis
919 1564 1058 1601 anheli.

193 1625 388 1663 Iunonem
416 1627 561 1664 interea
589 1638 656 1662 rex
685 1625 962 1673 omnipotentis
993 1623 1150 1673 Olympi

138 1685 341 1735 alloquitur
368 1685 469 1723 fulva
498 1697 649 1735 pugnas
679 1685 726 1722 de
756 1685 858 1721 nube
888 1690 1083 1721 tuentem:

141 1744 276 1792 ‘Quae
305 1746 382 1783 iarn
411 1745 498 1783 finis
528 1747 611 1791 erit,
640 1745 839 1783 coniunx?
877 1744 969 1793 quid
999 1743 1166 1793 denique
1195 1745 1337 1782 restat?

139 1805 357 1855 Indigetem
386 1806 550 1844 Aenean
580 1807 654 1844 scis
683 1806 767 1855 ipsa
798 1812 835 1843 et
865 1805 960 1843 scire
990 1803 1116 1841 fateris

139 1865 268 1902 deberi
296 1865 403 1903 caelo
433 1865 596 1915 fatisque
626 1865 675 1902 ad
705 1865 829 1903 sidera
857 1864 950 1901 tolli.

141 1924 248 1971 Quid
277 1925 415 1963 struis?
453 1932 519 1962 aut
548 1937 623 1974 qua
653 1937 720 1974 spe
750 1924 884 1973 gelidis
914 1924 952 1959 in
982 1923 1147 1960 nubibus
1177 1923 1337 1960 haeres?

139 1983 331 2022 mortalin’
361 1985 488 2022 decuit
517 1985 647 2022 violari
677 1984 832 2021 vulnere
862 1983 1002 2028 divum,

141 2051 205 2082 aut
233 2056 368 2082 ensem
397 2043 506 2094 (quid
535 2045 638 2081 enim
668 2044 749 2080 sine
779 2049 815 2079 te
846 2042 1004 2079 Iuturna
1032 2041 1172 2080 valeret
1184 2042 1214 2091 ?)

140 2110 316 2153 ereptum
344 2104 452 2141 reddi
481 2104 618 2141 Turno
649 2111 687 2140 et
716 2103 792 2139 vim
823 2114 995 2139 crescere
1025 2102 1157 2139 victis?

139 2163 287 2201 Desine
314 2164 391 2201 iam
420 2164 577 2201 tandem
607 2163 862 2212 precibusque
893 2161 1085 2199 inflectere
1115 2161 1279 2207 nostris;

140 2236 190 2261 ne
219 2230 256 2261 te
284 2229 413 2262 tantus
442 2223 519 2260 edit
548 2224 703 2261 tacitam
734 2222 844 2259 dolor
873 2229 909 2258 et
938 2221 1031 2257 mihi
1061 2233 1174 2258 curae

144 2295 260 2332 saepe
289 2291 357 2320 tuo
387 2283 488 2320 dulci
517 2283 640 2320 tristes
670 2295 716 2319 ex
746 2294 814 2319 ore
843 2289 1052 2318 recursent.

139 2342 311 2380 Ventum
340 2342 390 2380 ad
419 2354 643 2393 supremum
674 2349 742 2378 est.
801 2340 931 2377 Terris
961 2341 1104 2389 agitare
1134 2339 1194 2376 vel
1222 2339 1335 2377 undis

141 2402 335 2440 Troianos
365 2403 533 2452 potuisti,
565 2401 766 2439 infandum
797 2399 1006 2437 accendere
1036 2399 1190 2445 bellurn,

141 2462 355 2500 deformare
385 2462 547 2500 domum
577 2469 614 2499 et
643 2461 746 2498 luctu
775 2461 936 2498 miscere
965 2459 1225 2509 hymenaeos:

1449 86 1528 128 341

1473 385 1488 417 *r

1495 385 1510 416 *ι

1514 385 1534 406 0

1475 976 1536 1015 780

1477 1580 1539 1612 790

1477 1879 1536 1911 795

1474 2170 1536 2200 800

1476 2467 1517 2497 80
