<?xml version="1.0" encoding="UTF-8"?>
<!DOCTYPE html PUBLIC "-//W3C//DTD XHTML 1.0 Transitional//EN"
    "http://www.w3.org/TR/xhtml1/DTD/xhtml1-transitional.dtd">
<html xmlns="http://www.w3.org/1999/xhtml" xml:lang="en" lang="en">
 <head>
  <title>
</title>
<meta http-equiv="Content-Type" content="text/html;charset=utf-8" />
  <meta name='ocr-system' content='tesseract 3.04.00' />
  <meta name='ocr-capabilities' content='ocr_page ocr_carea ocr_par ocr_line ocrx_word'/>
</head>
<body>
  <div class='ocr_page' id='page_1' title='image "./operavirgilwithi01virguoft_0227.png"; bbox 0 0 1669 2737; ppageno 0'>
   <div class='ocr_carea' id='block_1_1' title="bbox 537 79 1484 134">
    <p class='ocr_par' dir='ltr' id='par_1_1' title="bbox 537 79 1484 134">
     <span class='ocr_line' id='line_1_1' title="bbox 537 79 1484 134; baseline -0.003 -13"><span class='ocrx_word' id='word_1_1' title='bbox 537 85 704 121; x_wconf 85' lang='lat' dir='ltr'><em>LIBER</em></span> <span class='ocrx_word' id='word_1_2' title='bbox 732 85 802 122; x_wconf 89' lang='lat' dir='ltr'><strong>IV.</strong></span> <span class='ocrx_word' id='word_1_3' title='bbox 832 79 1044 134; x_wconf 50' lang='lat'><em>536-6113.</em></span> <span class='ocrx_word' id='word_1_4' title='bbox 1409 88 1484 131; x_wconf 86' lang='lat'><strong>159</strong></span> 
     </span>
    </p>
   </div>
   <div class='ocr_carea' id='block_1_2' title="bbox 92 193 1487 2502">
    <p class='ocr_par' dir='ltr' id='par_1_2' title="bbox 97 193 1484 719">
     <span class='ocr_line' id='line_1_2' title="bbox 99 193 1482 244; baseline -0.001 -12"><span class='ocrx_word' id='word_1_5' title='bbox 99 195 276 233; x_wconf 87' lang='lat' dir='ltr'><strong>festinare</strong></span> <span class='ocrx_word' id='word_1_6' title='bbox 304 194 436 244; x_wconf 86' lang='lat' dir='ltr'><strong>fugam</strong></span> <span class='ocrx_word' id='word_1_7' title='bbox 464 200 664 244; x_wconf 87' lang='lat' dir='ltr'><strong>tortosque</strong></span> <span class='ocrx_word' id='word_1_8' title='bbox 692 193 858 231; x_wconf 87' lang='lat' dir='ltr'><strong>incidere</strong></span> <span class='ocrx_word' id='word_1_9' title='bbox 888 193 998 231; x_wconf 89' lang='lat' dir='ltr'><strong>funes</strong></span> <span class='ocrx_word' id='word_1_10' title='bbox 1421 206 1482 238; x_wconf 84' lang='lat'><strong>575</strong></span> 
     </span>
     <span class='ocr_line' id='line_1_3' title="bbox 99 252 1300 302; baseline -0.002 -10"><span class='ocrx_word' id='word_1_11' title='bbox 99 267 189 292; x_wconf 90' lang='lat' dir='ltr'><strong>ecce</strong></span> <span class='ocrx_word' id='word_1_12' title='bbox 217 255 351 292; x_wconf 90' lang='lat' dir='ltr'><strong>iterum</strong></span> <span class='ocrx_word' id='word_1_13' title='bbox 380 254 597 292; x_wconf 87' lang='lat' dir='ltr'><strong>instimulat.</strong></span> <span class='ocrx_word' id='word_1_14' title='bbox 656 253 860 302; x_wconf 86' lang='lat' dir='ltr'>Sequimur</span> <span class='ocrx_word' id='word_1_15' title='bbox 888 260 936 297; x_wconf 86' lang='lat' dir='ltr'><strong>te,</strong></span> <span class='ocrx_word' id='word_1_16' title='bbox 967 258 1099 290; x_wconf 89' lang='lat' dir='ltr'><strong>sancte</strong></span> <span class='ocrx_word' id='word_1_17' title='bbox 1129 252 1300 297; x_wconf 87' lang='lat' dir='ltr'><strong>deorum,</strong></span> 
     </span>
     <span class='ocr_line' id='line_1_4' title="bbox 98 313 1185 362; baseline -0.002 -12"><span class='ocrx_word' id='word_1_18' title='bbox 98 314 269 362; x_wconf 91' lang='lat' dir='ltr'><strong>quisquis</strong></span> <span class='ocrx_word' id='word_1_19' title='bbox 297 325 349 358; x_wconf 90' lang='lat' dir='ltr'><strong>es,</strong></span> <span class='ocrx_word' id='word_1_20' title='bbox 379 314 616 362; x_wconf 92' lang='lat' dir='ltr'><strong>imperioque</strong></span> <span class='ocrx_word' id='word_1_21' title='bbox 645 313 781 350; x_wconf 90' lang='lat' dir='ltr'><strong>iterum</strong></span> <span class='ocrx_word' id='word_1_22' title='bbox 810 324 988 361; x_wconf 87' lang='lat' dir='ltr'><strong>paremus</strong></span> <span class='ocrx_word' id='word_1_23' title='bbox 1018 318 1185 349; x_wconf 86' lang='lat' dir='ltr'><strong>ovantes.</strong></span> 
     </span>
     <span class='ocr_line' id='line_1_5' title="bbox 98 371 1030 422; baseline -0.001 -13"><span class='ocrx_word' id='word_1_24' title='bbox 98 372 212 409; x_wconf 86' lang='lat' dir='ltr'><strong>Adsis</strong></span> <span class='ocrx_word' id='word_1_25' title='bbox 241 384 266 410; x_wconf 94' lang='lat' dir='ltr'><strong>o</strong></span> <span class='ocrx_word' id='word_1_26' title='bbox 293 372 542 422; x_wconf 86' lang='lat' dir='ltr'><strong>placidusque</strong></span> <span class='ocrx_word' id='word_1_27' title='bbox 571 372 676 409; x_wconf 91' lang='lat' dir='ltr'><strong>iuves</strong></span> <span class='ocrx_word' id='word_1_28' title='bbox 705 379 743 409; x_wconf 90' lang='lat' dir='ltr'><strong>et</strong></span> <span class='ocrx_word' id='word_1_29' title='bbox 772 371 894 409; x_wconf 86' lang='lat' dir='ltr'><strong>sidera</strong></span> <span class='ocrx_word' id='word_1_30' title='bbox 923 371 1030 409; x_wconf 87' lang='lat' dir='ltr'><strong>caelo</strong></span> 
     </span>
     <span class='ocr_line' id='line_1_6' title="bbox 99 430 1098 481; baseline -0.001 -13"><span class='ocrx_word' id='word_1_31' title='bbox 99 431 230 468; x_wconf 85' lang='lat' dir='ltr'><strong>dextra</strong></span> <span class='ocrx_word' id='word_1_32' title='bbox 257 430 377 469; x_wconf 89' lang='lat' dir='ltr'><strong>seras.’</strong></span> <span class='ocrx_word' id='word_1_33' title='bbox 432 431 551 477; x_wconf 85' lang='lat' dir='ltr'>Dixit,</span> <span class='ocrx_word' id='word_1_34' title='bbox 581 432 795 481; x_wconf 81' lang='lat' dir='ltr'><strong>vaginaque</strong></span> <span class='ocrx_word' id='word_1_35' title='bbox 825 431 934 480; x_wconf 86' lang='lat' dir='ltr'><strong>eripit</strong></span> <span class='ocrx_word' id='word_1_36' title='bbox 963 442 1098 468; x_wconf 87' lang='lat' dir='ltr'><strong>ensem</strong></span> 
     </span>
     <span class='ocr_line' id='line_1_7' title="bbox 98 490 1484 539; baseline -0.001 -12"><span class='ocrx_word' id='word_1_37' title='bbox 98 491 321 528; x_wconf 91' lang='lat' dir='ltr'><strong>fulmineum</strong></span> <span class='ocrx_word' id='word_1_38' title='bbox 350 491 553 539; x_wconf 87' lang='lat' dir='ltr'><strong>strictoque</strong></span> <span class='ocrx_word' id='word_1_39' title='bbox 582 491 667 528; x_wconf 87' lang='lat' dir='ltr'><strong>ferit</strong></span> <span class='ocrx_word' id='word_1_40' title='bbox 694 491 902 529; x_wconf 90' lang='lat' dir='ltr'><strong>retinacula</strong></span> <span class='ocrx_word' id='word_1_41' title='bbox 932 490 1042 528; x_wconf 89' lang='lat' dir='ltr'><strong>ferro.</strong></span> <span class='ocrx_word' id='word_1_42' title='bbox 1421 496 1484 536; x_wconf 83' lang='grc'><strong>580</strong></span> 
     </span>
     <span class='ocr_line' id='line_1_8' title="bbox 99 549 1316 599; baseline -0.002 -12"><span class='ocrx_word' id='word_1_43' title='bbox 99 550 207 587; x_wconf 88' lang='lat' dir='ltr'><strong>Idem</strong></span> <span class='ocrx_word' id='word_1_44' title='bbox 237 562 374 588; x_wconf 89' lang='lat' dir='ltr'><strong>omnes</strong></span> <span class='ocrx_word' id='word_1_45' title='bbox 403 550 515 588; x_wconf 88' lang='lat' dir='ltr'><strong>simul</strong></span> <span class='ocrx_word' id='word_1_46' title='bbox 544 549 655 588; x_wconf 90' lang='lat' dir='ltr'><strong>ardor</strong></span> <span class='ocrx_word' id='word_1_47' title='bbox 683 550 809 595; x_wconf 90' lang='lat' dir='ltr'><strong>habet,</strong></span> <span class='ocrx_word' id='word_1_48' title='bbox 838 550 1067 599; x_wconf 85' lang='lat' dir='ltr'><strong>rapiuntque</strong></span> <span class='ocrx_word' id='word_1_49' title='bbox 1096 556 1316 598; x_wconf 90' lang='lat' dir='ltr'><strong>ruuntque:</strong></span> 
     </span>
     <span class='ocr_line' id='line_1_9' title="bbox 97 609 1060 658; baseline 0 -12"><span class='ocrx_word' id='word_1_50' title='bbox 97 609 206 647; x_wconf 89' lang='lat' dir='ltr'><strong>litora</strong></span> <span class='ocrx_word' id='word_1_51' title='bbox 234 610 445 656; x_wconf 89' lang='lat' dir='ltr'><strong>deseruere,</strong></span> <span class='ocrx_word' id='word_1_52' title='bbox 473 610 563 648; x_wconf 87' lang='lat' dir='ltr'><strong>latet</strong></span> <span class='ocrx_word' id='word_1_53' title='bbox 591 610 661 647; x_wconf 90' lang='lat' dir='ltr'><strong>sub</strong></span> <span class='ocrx_word' id='word_1_54' title='bbox 691 610 875 647; x_wconf 86' lang='lat' dir='ltr'><strong>classibus</strong></span> <span class='ocrx_word' id='word_1_55' title='bbox 904 621 1060 658; x_wconf 87' lang='lat' dir='ltr'><strong>aequor,</strong></span> 
     </span>
     <span class='ocr_line' id='line_1_10' title="bbox 98 669 1055 719; baseline -0.001 -14"><span class='ocrx_word' id='word_1_56' title='bbox 98 669 228 706; x_wconf 85' lang='lat' dir='ltr'><strong>annixi</strong></span> <span class='ocrx_word' id='word_1_57' title='bbox 256 676 434 719; x_wconf 90' lang='lat' dir='ltr'><strong>torquent</strong></span> <span class='ocrx_word' id='word_1_58' title='bbox 464 681 620 718; x_wconf 86' lang='lat' dir='ltr'><strong>spumas</strong></span> <span class='ocrx_word' id='word_1_59' title='bbox 650 675 686 707; x_wconf 90' lang='lat' dir='ltr'><strong>et</strong></span> <span class='ocrx_word' id='word_1_60' title='bbox 715 670 865 706; x_wconf 84' lang='lat' dir='ltr'><strong>caerula</strong></span> <span class='ocrx_word' id='word_1_61' title='bbox 893 675 1055 705; x_wconf 89' lang='lat' dir='ltr'><strong>verrunt.</strong></span> 
     </span>
    </p>

    <p class='ocr_par' dir='ltr' id='par_1_3' title="bbox 92 728 1487 2502">
     <span class='ocr_line' id='line_1_11' title="bbox 150 728 1141 778; baseline 0.002 -14"><span class='ocrx_word' id='word_1_62' title='bbox 150 728 200 765; x_wconf 90' lang='lat' dir='ltr'><strong>Et</strong></span> <span class='ocrx_word' id='word_1_63' title='bbox 227 729 303 766; x_wconf 87' lang='lat' dir='ltr'><strong>iarn</strong></span> <span class='ocrx_word' id='word_1_64' title='bbox 332 730 456 778; x_wconf 84' lang='lat' dir='ltr'><strong>prima</strong></span> <span class='ocrx_word' id='word_1_65' title='bbox 484 741 586 766; x_wconf 90' lang='lat' dir='ltr'><strong>novo</strong></span> <span class='ocrx_word' id='word_1_66' title='bbox 616 729 821 777; x_wconf 83' lang='lat' dir='ltr'><strong>spargebat</strong></span> <span class='ocrx_word' id='word_1_67' title='bbox 850 728 993 765; x_wconf 88' lang='lat' dir='ltr'><strong>lumine</strong></span> <span class='ocrx_word' id='word_1_68' title='bbox 1023 734 1141 766; x_wconf 87' lang='lat' dir='ltr'><strong>terras</strong></span> 
     </span>
     <span class='ocr_line' id='line_1_12' title="bbox 98 787 1482 837; baseline 0.001 -14"><span class='ocrx_word' id='word_1_69' title='bbox 98 787 258 824; x_wconf 89' lang='lat' dir='ltr'><strong>Tithoni</strong></span> <span class='ocrx_word' id='word_1_70' title='bbox 287 800 464 825; x_wconf 93' lang='lat' dir='ltr'><strong>croceum</strong></span> <span class='ocrx_word' id='word_1_71' title='bbox 493 788 669 837; x_wconf 89' lang='lat' dir='ltr'><strong>linquens</strong></span> <span class='ocrx_word' id='word_1_72' title='bbox 699 788 851 824; x_wconf 90' lang='lat' dir='ltr'><strong>Aurora</strong></span> <span class='ocrx_word' id='word_1_73' title='bbox 880 787 1015 824; x_wconf 88' lang='lat' dir='ltr'><strong>cubile.</strong></span> <span class='ocrx_word' id='word_1_74' title='bbox 1422 794 1482 833; x_wconf 81' lang='lat'><strong>585</strong></span> 
     </span>
     <span class='ocr_line' id='line_1_13' title="bbox 97 846 1129 896; baseline 0 -13"><span class='ocrx_word' id='word_1_75' title='bbox 97 846 248 895; x_wconf 84' lang='lat' dir='ltr'><strong>Regina</strong></span> <span class='ocrx_word' id='word_1_76' title='bbox 276 858 297 884; x_wconf 87' lang='lat' dir='ltr'><strong>e</strong></span> <span class='ocrx_word' id='word_1_77' title='bbox 327 847 490 896; x_wconf 87' lang='lat' dir='ltr'><strong>speculis</strong></span> <span class='ocrx_word' id='word_1_78' title='bbox 519 855 559 884; x_wconf 91' lang='lat' dir='ltr'><strong>ut</strong></span> <span class='ocrx_word' id='word_1_79' title='bbox 588 847 750 896; x_wconf 88' lang='lat' dir='ltr'><strong>primam</strong></span> <span class='ocrx_word' id='word_1_80' title='bbox 781 847 974 884; x_wconf 86' lang='lat' dir='ltr'><strong>albescere</strong></span> <span class='ocrx_word' id='word_1_81' title='bbox 1004 846 1129 884; x_wconf 88' lang='lat' dir='ltr'><strong>lucem</strong></span> 
     </span>
     <span class='ocr_line' id='line_1_14' title="bbox 96 905 998 955; baseline 0 -14"><span class='ocrx_word' id='word_1_82' title='bbox 96 906 186 942; x_wconf 88' lang='lat' dir='ltr'><strong>vidit</strong></span> <span class='ocrx_word' id='word_1_83' title='bbox 214 912 251 943; x_wconf 92' lang='lat' dir='ltr'><strong>et</strong></span> <span class='ocrx_word' id='word_1_84' title='bbox 278 906 449 955; x_wconf 88' lang='lat' dir='ltr'><strong>aequatis</strong></span> <span class='ocrx_word' id='word_1_85' title='bbox 478 905 642 944; x_wconf 88' lang='lat' dir='ltr'><strong>classem</strong></span> <span class='ocrx_word' id='word_1_86' title='bbox 670 906 878 955; x_wconf 84' lang='lat' dir='ltr'><strong>procedere</strong></span> <span class='ocrx_word' id='word_1_87' title='bbox 906 905 998 943; x_wconf 86' lang='lat' dir='ltr'><strong>velis</strong></span> 
     </span>
     <span class='ocr_line' id='line_1_15' title="bbox 96 964 1115 1014; baseline 0 -13"><span class='ocrx_word' id='word_1_88' title='bbox 96 964 280 1014; x_wconf 87' lang='lat' dir='ltr'><strong>litoraque</strong></span> <span class='ocrx_word' id='word_1_89' title='bbox 308 972 344 1002; x_wconf 91' lang='lat' dir='ltr'><strong>et</strong></span> <span class='ocrx_word' id='word_1_90' title='bbox 372 977 515 1003; x_wconf 88' lang='lat' dir='ltr'><strong>vacuos</strong></span> <span class='ocrx_word' id='word_1_91' title='bbox 545 966 662 1003; x_wconf 89' lang='lat' dir='ltr'><strong>sensit</strong></span> <span class='ocrx_word' id='word_1_92' title='bbox 691 966 771 1003; x_wconf 90' lang='lat' dir='ltr'><strong>sine</strong></span> <span class='ocrx_word' id='word_1_93' title='bbox 800 966 944 1014; x_wconf 82' lang='lat' dir='ltr'><strong>remige</strong></span> <span class='ocrx_word' id='word_1_94' title='bbox 973 972 1115 1014; x_wconf 85' lang='lat' dir='ltr'><strong>portus,</strong></span> 
     </span>
     <span class='ocr_line' id='line_1_16' title="bbox 96 1024 1198 1074; baseline -0.001 -13"><span class='ocrx_word' id='word_1_95' title='bbox 96 1031 227 1073; x_wconf 89' lang='lat' dir='ltr'><strong>terque</strong></span> <span class='ocrx_word' id='word_1_96' title='bbox 256 1032 463 1074; x_wconf 90' lang='lat' dir='ltr'><strong>quaterque</strong></span> <span class='ocrx_word' id='word_1_97' title='bbox 493 1037 610 1062; x_wconf 92' lang='lat' dir='ltr'><strong>manu</strong></span> <span class='ocrx_word' id='word_1_98' title='bbox 639 1032 772 1074; x_wconf 87' lang='lat' dir='ltr'><strong>pectus</strong></span> <span class='ocrx_word' id='word_1_99' title='bbox 802 1037 984 1074; x_wconf 84' lang='lat' dir='ltr'><strong>percussa</strong></span> <span class='ocrx_word' id='word_1_100' title='bbox 1014 1024 1198 1061; x_wconf 92' lang='lat' dir='ltr'><strong>decorum</strong></span> 
     </span>
     <span class='ocr_line' id='line_1_17' title="bbox 96 1083 1484 1133; baseline -0.001 -13"><span class='ocrx_word' id='word_1_101' title='bbox 96 1083 354 1133; x_wconf 87' lang='lat' dir='ltr'><strong>flaventesque</strong></span> <span class='ocrx_word' id='word_1_102' title='bbox 383 1085 552 1122; x_wconf 86' lang='lat' dir='ltr'><strong>abscissa</strong></span> <span class='ocrx_word' id='word_1_103' title='bbox 581 1096 713 1122; x_wconf 89' lang='lat' dir='ltr'><strong>comas</strong></span> <span class='ocrx_word' id='word_1_104' title='bbox 744 1084 843 1121; x_wconf 89' lang='lat' dir='ltr'><strong>‘Pro</strong></span> <span class='ocrx_word' id='word_1_105' title='bbox 873 1084 1065 1132; x_wconf 79' lang='lat' dir='ltr'><strong>Iuppiter!</strong></span> <span class='ocrx_word' id='word_1_106' title='bbox 1109 1083 1174 1119; x_wconf 87' lang='lat' dir='ltr'><strong>ibit</strong></span> <span class='ocrx_word' id='word_1_107' title='bbox 1422 1099 1484 1131; x_wconf 82' lang='lat'><strong>590</strong></span> 
     </span>
     <span class='ocr_line' id='line_1_18' title="bbox 95 1143 1061 1191; baseline -0.001 -11"><span class='ocrx_word' id='word_1_108' title='bbox 95 1143 177 1181; x_wconf 91' lang='lat' dir='ltr'><strong>hic&#39;</strong></span> <span class='ocrx_word' id='word_1_109' title='bbox 207 1144 258 1180; x_wconf 86' lang='lat' dir='ltr'><strong>ait</strong></span> <span class='ocrx_word' id='word_1_110' title='bbox 288 1147 349 1181; x_wconf 91' lang='lat' dir='ltr'><strong>‘et</strong></span> <span class='ocrx_word' id='word_1_111' title='bbox 377 1145 516 1181; x_wconf 90' lang='lat' dir='ltr'><strong>nostris</strong></span> <span class='ocrx_word' id='word_1_112' title='bbox 544 1144 699 1181; x_wconf 84' lang='lat' dir='ltr'><strong>illuserit</strong></span> <span class='ocrx_word' id='word_1_113' title='bbox 728 1144 875 1181; x_wconf 87' lang='lat' dir='ltr'><strong>advena</strong></span> <span class='ocrx_word' id='word_1_114' title='bbox 904 1143 1061 1191; x_wconf 82' lang='lat' dir='ltr'><strong>regnis?</strong></span> 
     </span>
     <span class='ocr_line' id='line_1_19' title="bbox 96 1202 1185 1252; baseline -0.002 -12"><span class='ocrx_word' id='word_1_115' title='bbox 96 1202 188 1240; x_wconf 90' lang='lat' dir='ltr'><strong>Non</strong></span> <span class='ocrx_word' id='word_1_116' title='bbox 218 1215 323 1240; x_wconf 86' lang='lat' dir='ltr'><strong>arma</strong></span> <span class='ocrx_word' id='word_1_117' title='bbox 351 1203 557 1252; x_wconf 88' lang='lat' dir='ltr'><strong>expedient</strong></span> <span class='ocrx_word' id='word_1_118' title='bbox 585 1210 739 1252; x_wconf 87' lang='lat' dir='ltr'><strong>totaque</strong></span> <span class='ocrx_word' id='word_1_119' title='bbox 768 1216 816 1240; x_wconf 84' lang='lat' dir='ltr'><strong>ex</strong></span> <span class='ocrx_word' id='word_1_120' title='bbox 846 1204 938 1240; x_wconf 92' lang='lat' dir='ltr'><strong>urbe</strong></span> <span class='ocrx_word' id='word_1_121' title='bbox 968 1208 1185 1252; x_wconf 88' lang='lat' dir='ltr'><strong>sequentur,</strong></span> 
     </span>
     <span class='ocr_line' id='line_1_20' title="bbox 97 1262 953 1312; baseline 0.001 -13"><span class='ocrx_word' id='word_1_122' title='bbox 97 1262 357 1312; x_wconf 90' lang='lat' dir='ltr'><strong>deripientque</strong></span> <span class='ocrx_word' id='word_1_123' title='bbox 386 1270 485 1300; x_wconf 87' lang='lat' dir='ltr'><strong>rates</strong></span> <span class='ocrx_word' id='word_1_124' title='bbox 513 1263 574 1300; x_wconf 85' lang='lat' dir='ltr'><strong>alii</strong></span> <span class='ocrx_word' id='word_1_125' title='bbox 603 1264 827 1301; x_wconf 87' lang='lat' dir='ltr'><strong>navalibus?</strong></span> <span class='ocrx_word' id='word_1_126' title='bbox 885 1263 953 1308; x_wconf 91' lang='lat' dir='ltr'><strong>Ite,</strong></span> 
     </span>
     <span class='ocr_line' id='line_1_21' title="bbox 96 1321 1104 1372; baseline 0.001 -14"><span class='ocrx_word' id='word_1_127' title='bbox 96 1321 187 1359; x_wconf 88' lang='lat' dir='ltr'><strong>ferte</strong></span> <span class='ocrx_word' id='word_1_128' title='bbox 217 1323 279 1359; x_wconf 91' lang='lat' dir='ltr'><strong>citi</strong></span> <span class='ocrx_word' id='word_1_129' title='bbox 308 1322 495 1368; x_wconf 86' lang='lat' dir='ltr'><strong>flammas,</strong></span> <span class='ocrx_word' id='word_1_130' title='bbox 525 1323 611 1360; x_wconf 84' lang='lat' dir='ltr'><strong>date</strong></span> <span class='ocrx_word' id='word_1_131' title='bbox 640 1323 725 1368; x_wconf 85' lang='lat' dir='ltr'><strong>tela,</strong></span> <span class='ocrx_word' id='word_1_132' title='bbox 756 1323 937 1372; x_wconf 87' lang='lat' dir='ltr'><strong>impellite</strong></span> <span class='ocrx_word' id='word_1_133' title='bbox 966 1335 1104 1360; x_wconf 89' lang='lat' dir='ltr'><strong>remos.</strong></span> 
     </span>
     <span class='ocr_line' id='line_1_22' title="bbox 97 1382 1479 1432; baseline 0 -13"><span class='ocrx_word' id='word_1_134' title='bbox 97 1382 202 1428; x_wconf 89' lang='lat' dir='ltr'><strong>Quid</strong></span> <span class='ocrx_word' id='word_1_135' title='bbox 229 1382 379 1431; x_wconf 88' lang='lat' dir='ltr'><strong>loquor,</strong></span> <span class='ocrx_word' id='word_1_136' title='bbox 408 1390 473 1420; x_wconf 89' lang='lat' dir='ltr'><strong>aut</strong></span> <span class='ocrx_word' id='word_1_137' title='bbox 501 1384 565 1420; x_wconf 89' lang='lat' dir='ltr'><strong>ubi</strong></span> <span class='ocrx_word' id='word_1_138' title='bbox 595 1385 708 1420; x_wconf 88' lang='lat' dir='ltr'><strong>sum?</strong></span> <span class='ocrx_word' id='word_1_139' title='bbox 748 1396 846 1432; x_wconf 91' lang='lat' dir='ltr'><strong>quae</strong></span> <span class='ocrx_word' id='word_1_140' title='bbox 875 1390 1045 1420; x_wconf 89' lang='lat' dir='ltr'><strong>mentem</strong></span> <span class='ocrx_word' id='word_1_141' title='bbox 1075 1383 1223 1420; x_wconf 86' lang='lat' dir='ltr'><strong>insania</strong></span> <span class='ocrx_word' id='word_1_142' title='bbox 1253 1389 1383 1428; x_wconf 83' lang='lat' dir='ltr'><strong>mutat,</strong></span> <span class='ocrx_word' id='word_1_143' title='bbox 1419 1399 1479 1431; x_wconf 87' lang='lat'><strong>595</strong></span> 
     </span>
     <span class='ocr_line' id='line_1_23' title="bbox 95 1441 1088 1491; baseline 0 -13"><span class='ocrx_word' id='word_1_144' title='bbox 95 1441 226 1479; x_wconf 84' lang='lat' dir='ltr'><strong>infelix</strong></span> <span class='ocrx_word' id='word_1_145' title='bbox 255 1441 387 1480; x_wconf 88' lang='lat' dir='ltr'><strong>Dido?</strong></span> <span class='ocrx_word' id='word_1_146' title='bbox 426 1455 529 1480; x_wconf 91' lang='lat' dir='ltr'><strong>nunc</strong></span> <span class='ocrx_word' id='word_1_147' title='bbox 559 1449 595 1480; x_wconf 91' lang='lat' dir='ltr'><strong>te</strong></span> <span class='ocrx_word' id='word_1_148' title='bbox 625 1442 724 1480; x_wconf 89' lang='lat' dir='ltr'><strong>facta</strong></span> <span class='ocrx_word' id='word_1_149' title='bbox 753 1443 870 1491; x_wconf 88' lang='lat' dir='ltr'><strong>impia</strong></span> <span class='ocrx_word' id='word_1_150' title='bbox 898 1442 1088 1490; x_wconf 81' lang='lat' dir='ltr'><strong>tangunt?</strong></span> 
     </span>
     <span class='ocr_line' id='line_1_24' title="bbox 97 1500 1316 1550; baseline 0 -13"><span class='ocrx_word' id='word_1_151' title='bbox 97 1500 200 1537; x_wconf 88' lang='lat' dir='ltr'><strong>Turn</strong></span> <span class='ocrx_word' id='word_1_152' title='bbox 230 1500 367 1546; x_wconf 88' lang='lat' dir='ltr'><strong>decuit,</strong></span> <span class='ocrx_word' id='word_1_153' title='bbox 397 1513 485 1539; x_wconf 90' lang='lat' dir='ltr'><strong>cum</strong></span> <span class='ocrx_word' id='word_1_154' title='bbox 515 1509 666 1550; x_wconf 84' lang='lat' dir='ltr'><strong>sceptra</strong></span> <span class='ocrx_word' id='word_1_155' title='bbox 694 1502 823 1539; x_wconf 90' lang='lat' dir='ltr'><strong>dabas.</strong></span> <span class='ocrx_word' id='word_1_156' title='bbox 880 1501 941 1538; x_wconf 86' lang='lat' dir='ltr'><strong>En</strong></span> <span class='ocrx_word' id='word_1_157' title='bbox 971 1501 1103 1538; x_wconf 86' lang='lat' dir='ltr'><strong>dextra</strong></span> <span class='ocrx_word' id='word_1_158' title='bbox 1132 1500 1316 1550; x_wconf 85' lang='lat' dir='ltr'><strong>fidesque,</strong></span> 
     </span>
     <span class='ocr_line' id='line_1_25' title="bbox 95 1560 1063 1609; baseline 0.001 -13"><span class='ocrx_word' id='word_1_159' title='bbox 95 1571 212 1608; x_wconf 89' lang='lat' dir='ltr'><strong>quem</strong></span> <span class='ocrx_word' id='word_1_160' title='bbox 241 1570 373 1597; x_wconf 91' lang='lat' dir='ltr'><strong>secum</strong></span> <span class='ocrx_word' id='word_1_161' title='bbox 401 1561 545 1609; x_wconf 90' lang='lat' dir='ltr'><strong>patrios</strong></span> <span class='ocrx_word' id='word_1_162' title='bbox 576 1561 681 1597; x_wconf 85' lang='lat' dir='ltr'><strong>aiunt</strong></span> <span class='ocrx_word' id='word_1_163' title='bbox 709 1567 860 1609; x_wconf 87' lang='lat' dir='ltr'><strong>portare</strong></span> <span class='ocrx_word' id='word_1_164' title='bbox 888 1560 1063 1605; x_wconf 82' lang='lat' dir='ltr'><strong>Penates,</strong></span> 
     </span>
     <span class='ocr_line' id='line_1_26' title="bbox 92 1619 1221 1668; baseline 0.001 -13"><span class='ocrx_word' id='word_1_165' title='bbox 92 1630 213 1667; x_wconf 88' lang='lat' dir='ltr'><strong>quem</strong></span> <span class='ocrx_word' id='word_1_166' title='bbox 242 1619 403 1656; x_wconf 89' lang='lat' dir='ltr'><strong>subiisse</strong></span> <span class='ocrx_word' id='word_1_167' title='bbox 431 1620 572 1656; x_wconf 89' lang='lat' dir='ltr'><strong>umeris</strong></span> <span class='ocrx_word' id='word_1_168' title='bbox 602 1619 821 1657; x_wconf 91' lang='lat' dir='ltr'><strong>confectum</strong></span> <span class='ocrx_word' id='word_1_169' title='bbox 851 1625 972 1656; x_wconf 85' lang='lat' dir='ltr'><strong>aetate</strong></span> <span class='ocrx_word' id='word_1_170' title='bbox 1001 1620 1221 1668; x_wconf 81' lang='lat' dir='ltr'><strong>parentem!</strong></span> 
     </span>
     <span class='ocr_line' id='line_1_27' title="bbox 96 1678 1485 1728; baseline 0.001 -13"><span class='ocrx_word' id='word_1_171' title='bbox 96 1678 190 1715; x_wconf 91' lang='lat' dir='ltr'><strong>Non</strong></span> <span class='ocrx_word' id='word_1_172' title='bbox 218 1679 325 1727; x_wconf 92' lang='lat' dir='ltr'><strong>potui</strong></span> <span class='ocrx_word' id='word_1_173' title='bbox 353 1679 554 1728; x_wconf 88' lang='lat' dir='ltr'><strong>abreptum</strong></span> <span class='ocrx_word' id='word_1_174' title='bbox 584 1679 759 1716; x_wconf 90' lang='lat' dir='ltr'><strong>divellere</strong></span> <span class='ocrx_word' id='word_1_175' title='bbox 789 1691 927 1728; x_wconf 92' lang='lat' dir='ltr'><strong>corpus</strong></span> <span class='ocrx_word' id='word_1_176' title='bbox 957 1686 994 1715; x_wconf 90' lang='lat' dir='ltr'><strong>et</strong></span> <span class='ocrx_word' id='word_1_177' title='bbox 1022 1679 1135 1716; x_wconf 89' lang='lat' dir='ltr'><strong>undis</strong></span> <span class='ocrx_word' id='word_1_178' title='bbox 1423 1686 1485 1717; x_wconf 88' lang='lat'><strong>600</strong></span> 
     </span>
     <span class='ocr_line' id='line_1_28' title="bbox 96 1739 1193 1788; baseline 0.001 -13"><span class='ocrx_word' id='word_1_179' title='bbox 96 1751 288 1788; x_wconf 86' lang='lat' dir='ltr'><strong>spargere,</strong></span> <span class='ocrx_word' id='word_1_180' title='bbox 318 1750 398 1775; x_wconf 90' lang='lat' dir='ltr'><strong>non</strong></span> <span class='ocrx_word' id='word_1_181' title='bbox 427 1740 566 1785; x_wconf 90' lang='lat' dir='ltr'><strong>socios,</strong></span> <span class='ocrx_word' id='word_1_182' title='bbox 598 1751 678 1776; x_wconf 93' lang='lat' dir='ltr'><strong>non</strong></span> <span class='ocrx_word' id='word_1_183' title='bbox 708 1740 835 1788; x_wconf 89' lang='lat' dir='ltr'><strong>ipsum</strong></span> <span class='ocrx_word' id='word_1_184' title='bbox 865 1740 1065 1776; x_wconf 89' lang='lat' dir='ltr'><strong>absumere</strong></span> <span class='ocrx_word' id='word_1_185' title='bbox 1094 1739 1193 1776; x_wconf 87' lang='lat' dir='ltr'><strong>ferro</strong></span> 
     </span>
     <span class='ocr_line' id='line_1_29' title="bbox 96 1799 1179 1848; baseline 0.001 -13"><span class='ocrx_word' id='word_1_186' title='bbox 96 1799 306 1836; x_wconf 85' lang='lat' dir='ltr'><strong>Ascanium</strong></span> <span class='ocrx_word' id='word_1_187' title='bbox 334 1799 543 1848; x_wconf 89' lang='lat' dir='ltr'><strong>patriisque</strong></span> <span class='ocrx_word' id='word_1_188' title='bbox 573 1799 806 1848; x_wconf 89' lang='lat' dir='ltr'><strong>epulandum</strong></span> <span class='ocrx_word' id='word_1_189' title='bbox 836 1811 980 1848; x_wconf 91' lang='lat' dir='ltr'><strong>ponere</strong></span> <span class='ocrx_word' id='word_1_190' title='bbox 1008 1799 1179 1837; x_wconf 86' lang='lat' dir='ltr'><strong>mensis?</strong></span> 
     </span>
     <span class='ocr_line' id='line_1_30' title="bbox 96 1857 1170 1908; baseline 0.001 -13"><span class='ocrx_word' id='word_1_191' title='bbox 96 1857 241 1896; x_wconf 91' lang='lat' dir='ltr'><strong>Verum</strong></span> <span class='ocrx_word' id='word_1_192' title='bbox 272 1871 416 1908; x_wconf 87' lang='lat' dir='ltr'><strong>anceps</strong></span> <span class='ocrx_word' id='word_1_193' title='bbox 445 1871 599 1908; x_wconf 87' lang='lat' dir='ltr'><strong>pugnae</strong></span> <span class='ocrx_word' id='word_1_194' title='bbox 628 1859 750 1896; x_wconf 87' lang='lat' dir='ltr'><strong>fuerat</strong></span> <span class='ocrx_word' id='word_1_195' title='bbox 779 1859 939 1896; x_wconf 84' lang='lat' dir='ltr'><strong>fortuna.</strong></span> <span class='ocrx_word' id='word_1_196' title='bbox 997 1859 1170 1896; x_wconf 87' lang='lat' dir='ltr'><strong>Fuisset:</strong></span> 
     </span>
     <span class='ocr_line' id='line_1_31' title="bbox 97 1918 1198 1967; baseline 0 -13"><span class='ocrx_word' id='word_1_197' title='bbox 97 1929 213 1967; x_wconf 90' lang='lat' dir='ltr'><strong>quern</strong></span> <span class='ocrx_word' id='word_1_198' title='bbox 242 1919 360 1955; x_wconf 87' lang='lat' dir='ltr'><strong>metui</strong></span> <span class='ocrx_word' id='word_1_199' title='bbox 388 1919 600 1955; x_wconf 87' lang='lat' dir='ltr'><strong>moritura?</strong></span> <span class='ocrx_word' id='word_1_200' title='bbox 657 1918 778 1955; x_wconf 90' lang='lat' dir='ltr'><strong>Faces</strong></span> <span class='ocrx_word' id='word_1_201' title='bbox 807 1918 847 1954; x_wconf 91' lang='lat' dir='ltr'><strong>in</strong></span> <span class='ocrx_word' id='word_1_202' title='bbox 876 1926 999 1955; x_wconf 84' lang='lat' dir='ltr'><strong>castra</strong></span> <span class='ocrx_word' id='word_1_203' title='bbox 1027 1919 1198 1955; x_wconf 84' lang='lat' dir='ltr'><strong>tulissem</strong></span> 
     </span>
     <span class='ocr_line' id='line_1_32' title="bbox 96 1977 1484 2027; baseline 0.001 -14"><span class='ocrx_word' id='word_1_204' title='bbox 96 1977 395 2027; x_wconf 87' lang='lat' dir='ltr'><strong>implessemque</strong></span> <span class='ocrx_word' id='word_1_205' title='bbox 425 1977 530 2015; x_wconf 90' lang='lat' dir='ltr'><strong>foros</strong></span> <span class='ocrx_word' id='word_1_206' title='bbox 559 1978 725 2016; x_wconf 89' lang='lat' dir='ltr'><strong>flammis</strong></span> <span class='ocrx_word' id='word_1_207' title='bbox 754 1985 963 2026; x_wconf 88' lang='lat' dir='ltr'><strong>natumque</strong></span> <span class='ocrx_word' id='word_1_208' title='bbox 993 1984 1217 2026; x_wconf 87' lang='lat' dir='ltr'><strong>patremque</strong></span> <span class='ocrx_word' id='word_1_209' title='bbox 1423 1984 1484 2024; x_wconf 87' lang='lat'><strong>605</strong></span> 
     </span>
     <span class='ocr_line' id='line_1_33' title="bbox 96 2036 1267 2086; baseline 0 -12"><span class='ocrx_word' id='word_1_210' title='bbox 96 2049 187 2074; x_wconf 88' lang='lat' dir='ltr'><strong>curn</strong></span> <span class='ocrx_word' id='word_1_211' title='bbox 215 2049 355 2086; x_wconf 89' lang='lat' dir='ltr'><strong>genere</strong></span> <span class='ocrx_word' id='word_1_212' title='bbox 385 2038 609 2083; x_wconf 82' lang='lat' dir='ltr'><strong>exstinxem,</strong></span> <span class='ocrx_word' id='word_1_213' title='bbox 639 2044 782 2075; x_wconf 90' lang='lat' dir='ltr'><strong>memet</strong></span> <span class='ocrx_word' id='word_1_214' title='bbox 811 2049 925 2085; x_wconf 92' lang='lat' dir='ltr'><strong>super</strong></span> <span class='ocrx_word' id='word_1_215' title='bbox 954 2038 1037 2085; x_wconf 89' lang='lat' dir='ltr'><strong>ipsa</strong></span> <span class='ocrx_word' id='word_1_216' title='bbox 1065 2036 1267 2075; x_wconf 90' lang='lat' dir='ltr'><strong>dedissem.</strong></span> 
     </span>
     <span class='ocr_line' id='line_1_34' title="bbox 100 2096 1155 2146; baseline -0.002 -12"><span class='ocrx_word' id='word_1_217' title='bbox 100 2096 175 2143; x_wconf 92' lang='lat' dir='ltr'><strong>Sol,</strong></span> <span class='ocrx_word' id='word_1_218' title='bbox 205 2098 270 2146; x_wconf 92' lang='lat' dir='ltr'><strong>qui</strong></span> <span class='ocrx_word' id='word_1_219' title='bbox 299 2104 480 2135; x_wconf 86' lang='lat' dir='ltr'><strong>terrarum</strong></span> <span class='ocrx_word' id='word_1_220' title='bbox 510 2097 675 2134; x_wconf 86' lang='lat' dir='ltr'><strong>flammis</strong></span> <span class='ocrx_word' id='word_1_221' title='bbox 704 2109 823 2145; x_wconf 87' lang='lat' dir='ltr'><strong>opera</strong></span> <span class='ocrx_word' id='word_1_222' title='bbox 851 2096 981 2133; x_wconf 88' lang='lat' dir='ltr'><strong>omnia</strong></span> <span class='ocrx_word' id='word_1_223' title='bbox 1009 2096 1155 2142; x_wconf 87' lang='lat' dir='ltr'><strong>lustras,</strong></span> 
     </span>
     <span class='ocr_line' id='line_1_35' title="bbox 98 2156 1188 2206; baseline -0.002 -12"><span class='ocrx_word' id='word_1_224' title='bbox 98 2165 215 2206; x_wconf 90' lang='lat' dir='ltr'><strong>tuque</strong></span> <span class='ocrx_word' id='word_1_225' title='bbox 242 2157 378 2194; x_wconf 90' lang='lat' dir='ltr'><strong>harum</strong></span> <span class='ocrx_word' id='word_1_226' title='bbox 406 2157 591 2206; x_wconf 87' lang='lat' dir='ltr'><strong>interpres</strong></span> <span class='ocrx_word' id='word_1_227' title='bbox 620 2168 794 2194; x_wconf 87' lang='lat' dir='ltr'><strong>curarum</strong></span> <span class='ocrx_word' id='word_1_228' title='bbox 825 2163 862 2193; x_wconf 89' lang='lat' dir='ltr'><strong>et</strong></span> <span class='ocrx_word' id='word_1_229' title='bbox 891 2156 1047 2193; x_wconf 89' lang='lat' dir='ltr'><strong>conscia</strong></span> <span class='ocrx_word' id='word_1_230' title='bbox 1077 2156 1188 2201; x_wconf 87' lang='lat' dir='ltr'><strong>Iuno,</strong></span> 
     </span>
     <span class='ocr_line' id='line_1_36' title="bbox 99 2215 1114 2265; baseline -0.001 -12"><span class='ocrx_word' id='word_1_231' title='bbox 99 2216 371 2265; x_wconf 85' lang='lat' dir='ltr'><strong>nocturnisque</strong></span> <span class='ocrx_word' id='word_1_232' title='bbox 401 2215 551 2253; x_wconf 87' lang='lat' dir='ltr'><strong>Hecate</strong></span> <span class='ocrx_word' id='word_1_233' title='bbox 580 2216 694 2255; x_wconf 88' lang='lat' dir='ltr'><strong>triviis</strong></span> <span class='ocrx_word' id='word_1_234' title='bbox 724 2215 863 2252; x_wconf 83' lang='lat' dir='ltr'><strong>ululata</strong></span> <span class='ocrx_word' id='word_1_235' title='bbox 892 2227 960 2263; x_wconf 91' lang='lat' dir='ltr'><strong>per</strong></span> <span class='ocrx_word' id='word_1_236' title='bbox 988 2215 1114 2260; x_wconf 88' lang='lat' dir='ltr'><strong>urbes,</strong></span> 
     </span>
     <span class='ocr_line' id='line_1_37' title="bbox 99 2272 1487 2318; baseline -0.002 -5"><span class='ocrx_word' id='word_1_237' title='bbox 99 2282 136 2313; x_wconf 91' lang='lat' dir='ltr'><strong>et</strong></span> <span class='ocrx_word' id='word_1_238' title='bbox 164 2275 280 2312; x_wconf 88' lang='lat' dir='ltr'><strong>Dirae</strong></span> <span class='ocrx_word' id='word_1_239' title='bbox 308 2275 459 2312; x_wconf 89' lang='lat' dir='ltr'><strong>ultrices</strong></span> <span class='ocrx_word' id='word_1_240' title='bbox 487 2281 525 2312; x_wconf 90' lang='lat' dir='ltr'><strong>et</strong></span> <span class='ocrx_word' id='word_1_241' title='bbox 554 2275 591 2312; x_wconf 91' lang='lat' dir='ltr'><strong>di</strong></span> <span class='ocrx_word' id='word_1_242' title='bbox 621 2275 818 2311; x_wconf 85' lang='lat' dir='ltr'><strong>morientis</strong></span> <span class='ocrx_word' id='word_1_243' title='bbox 848 2272 1007 2318; x_wconf 87' lang='lat' dir='ltr'><strong>Elissae,</strong></span> <span class='ocrx_word' id='word_1_244' title='bbox 1421 2279 1487 2312; x_wconf 88' lang='lat'><strong>610</strong></span> 
     </span>
     <span class='ocr_line' id='line_1_38' title="bbox 99 2333 1186 2383; baseline 0 -12"><span class='ocrx_word' id='word_1_245' title='bbox 99 2334 258 2383; x_wconf 86' lang='lat' dir='ltr'><strong>accipite</strong></span> <span class='ocrx_word' id='word_1_246' title='bbox 286 2333 380 2371; x_wconf 88' lang='lat' dir='ltr'><strong>haec</strong></span> <span class='ocrx_word' id='word_1_247' title='bbox 409 2334 663 2383; x_wconf 89' lang='lat' dir='ltr'><strong>meritumque</strong></span> <span class='ocrx_word' id='word_1_248' title='bbox 693 2333 802 2370; x_wconf 87' lang='lat' dir='ltr'><strong>malis</strong></span> <span class='ocrx_word' id='word_1_249' title='bbox 832 2333 1012 2370; x_wconf 82' lang='lat' dir='ltr'><strong>advertite</strong></span> <span class='ocrx_word' id='word_1_250' title='bbox 1042 2345 1186 2371; x_wconf 90' lang='lat' dir='ltr'><strong>numen</strong></span> 
     </span>
     <span class='ocr_line' id='line_1_39' title="bbox 100 2391 1091 2442; baseline -0.001 -11"><span class='ocrx_word' id='word_1_251' title='bbox 100 2402 138 2431; x_wconf 90' lang='lat' dir='ltr'><strong>et</strong></span> <span class='ocrx_word' id='word_1_252' title='bbox 165 2399 314 2430; x_wconf 91' lang='lat' dir='ltr'><strong>nostras</strong></span> <span class='ocrx_word' id='word_1_253' title='bbox 342 2393 469 2430; x_wconf 89' lang='lat' dir='ltr'><strong>audite</strong></span> <span class='ocrx_word' id='word_1_254' title='bbox 498 2405 643 2442; x_wconf 91' lang='lat' dir='ltr'><strong>preces.</strong></span> <span class='ocrx_word' id='word_1_255' title='bbox 703 2391 741 2429; x_wconf 90' lang='lat' dir='ltr'><strong>Si</strong></span> <span class='ocrx_word' id='word_1_256' title='bbox 771 2398 928 2440; x_wconf 85' lang='lat' dir='ltr'><strong>tangere</strong></span> <span class='ocrx_word' id='word_1_257' title='bbox 957 2399 1091 2440; x_wconf 87' lang='lat' dir='ltr'><strong>portus</strong></span> 
     </span>
     <span class='ocr_line' id='line_1_40' title="bbox 100 2451 1101 2502; baseline -0.001 -11"><span class='ocrx_word' id='word_1_258' title='bbox 100 2453 300 2491; x_wconf 86' lang='lat' dir='ltr'><strong>infandum</strong></span> <span class='ocrx_word' id='word_1_259' title='bbox 329 2458 443 2502; x_wconf 88' lang='lat' dir='ltr'><strong>caput</strong></span> <span class='ocrx_word' id='word_1_260' title='bbox 474 2464 518 2489; x_wconf 84' lang='lat' dir='ltr'><strong>ac</strong></span> <span class='ocrx_word' id='word_1_261' title='bbox 548 2452 655 2489; x_wconf 86' lang='lat' dir='ltr'><strong>terris</strong></span> <span class='ocrx_word' id='word_1_262' title='bbox 685 2451 826 2489; x_wconf 87' lang='lat' dir='ltr'><strong>adnare</strong></span> <span class='ocrx_word' id='word_1_263' title='bbox 856 2463 1013 2489; x_wconf 87' lang='lat' dir='ltr'><strong>necesse</strong></span> <span class='ocrx_word' id='word_1_264' title='bbox 1043 2459 1101 2490; x_wconf 86' lang='lat' dir='ltr'><strong>est</strong></span> 
     </span>
    </p>
   </div>
  </div>
 </body>
</html>
