1669 2737
139 74 221 117 302
708 68 743 102 A
749 67 932 105 ENEIS.

139 175 368 214 constituere
396 189 519 227 pyras.
578 176 668 215 Huc
697 188 861 227 corpora
890 178 1050 228 quisque
1079 189 1235 216 suorum

139 250 247 275 more
276 238 392 276 tulere
422 245 582 288 patrum,
611 239 865 289 subiectisque
894 240 1046 288 ignibus
1075 240 1164 278 atris

139 299 317 336 conditur
346 299 384 335 in
414 300 590 337 tenebras
620 299 738 336 altum
768 300 931 348 caligine
960 300 1118 337 caelum.

141 358 219 396 Ter
247 360 389 396 circum
419 371 606 397 accensos
636 360 748 397 cincti
778 360 1009 408 fulgentibus
1039 359 1154 397 armis

141 417 340 454 decurrere
368 429 495 466 rogos,
525 425 581 455 ter
608 425 798 455 maestum
827 417 968 456 funeris
998 419 1127 467 ignem

140 476 341 513 lustravere
370 476 408 512 in
438 477 544 525 equis
573 477 812 526 ululatusque
842 487 906 514 ore
937 477 1078 514 dedere
1093 490 1103 524 3

141 535 327 584 spargitur
356 540 393 571 et
420 535 530 572 tellus
559 535 734 581 lacrimis,
765 543 994 585 sparguntur
1021 543 1058 573 et
1087 547 1217 574 arma:

141 597 167 634 it
196 596 302 634 caelo
332 597 551 645 clamorque
579 596 699 633 virum
728 597 959 647 clangorque
988 598 1174 635 tubarum.

142 657 219 694 Hic
249 657 309 694 alii
339 657 461 705 spolia
489 657 627 694 occisis
657 657 813 706 derepta
841 657 987 696 Latinis

143 716 349 754 coniiciunt
377 716 467 763 igni,
497 715 625 764 galeas
655 728 843 766 ensesque
872 717 1035 755 decoros

142 775 325 823 frenaque
355 774 619 822 ferventesque
649 782 773 820 rotas;
814 788 902 825 pars
931 788 1090 814 munera
1118 783 1219 822 nota,

143 835 314 883 ipsorum
344 833 488 882 clipeos
517 840 553 870 et
581 845 660 870 non
691 833 810 871 felicia
839 835 923 872 tela.

144 893 266 931 Multa
293 894 412 930 boum
441 893 542 930 circa
571 900 783 931 mactantur
811 906 973 944 corpora
1002 894 1130 940 Morti,

144 954 404 1001 setigerosque
434 964 521 989 sues
550 960 755 1001 raptasque
785 965 832 990 ex
862 954 1042 990 omnibus
1071 954 1171 1002 agris

144 1015 182 1050 in
213 1013 406 1050 flammam
438 1011 609 1060 iugulant
637 1013 816 1060 pecudes.
875 1012 978 1049 Tum
1008 1013 1116 1050 litore
1144 1019 1226 1050 toto

145 1072 320 1110 ardentes
350 1078 523 1120 spectant
553 1071 678 1108 socios
709 1072 967 1121 semiustaque
997 1079 1145 1109 servant

144 1132 257 1168 busta
286 1142 410 1179 neque
439 1129 546 1166 avelli
575 1136 746 1178 possunt,
777 1143 855 1167 nox
884 1130 1015 1168 umida
1045 1130 1169 1168 donec

146 1190 292 1227 invertit
321 1189 469 1226 caelum
499 1188 613 1226 stellis
643 1189 862 1227 ardentibus
892 1197 1034 1239 aptum.

201 1249 284 1286 Nec
313 1248 440 1284 minus
469 1254 507 1284 et
536 1248 662 1284 miseri
692 1247 838 1285 diversa
867 1249 905 1285 in
933 1257 1040 1298 parte
1070 1248 1194 1286 Latini

146 1311 366 1347 innumeras
396 1314 565 1344 struxere
595 1319 717 1355 pyras,
747 1315 784 1345 et
813 1319 975 1357 corpora
1003 1309 1137 1356 partim

147 1368 266 1406 multa
293 1368 412 1403 virum
441 1373 561 1403 terrae
589 1366 781 1404 infodiunt
809 1375 1015 1416 avectaque
1043 1367 1181 1416 partim

148 1428 328 1465 finitimos
356 1425 493 1463 tollunt
521 1426 560 1462 in
589 1437 701 1475 agros
730 1427 891 1475 urbique
920 1427 1125 1472 remittunt,

149 1493 274 1524 cetera
301 1485 561 1532 confusaeque
591 1485 785 1533 ingentem
815 1486 941 1524 caedis
970 1497 1146 1523 acervum

149 1558 224 1583 nec
252 1556 411 1581 numero
441 1555 511 1581 nec
541 1543 688 1581 honore
718 1553 910 1582 cremant:
951 1552 1042 1582 tunc
1071 1544 1239 1594 undique
1271 1545 1363 1581 vasti

150 1605 320 1642 certatim
349 1603 490 1640 crebris
519 1603 709 1640 collucent
737 1604 889 1652 ignibus
919 1605 1010 1653 agri.

152 1664 282 1701 Tertia
309 1663 373 1700 lux
402 1662 567 1710 gelidam
596 1662 702 1699 caelo
733 1663 942 1701 dimoverat
970 1664 1169 1701 umbram:

152 1730 363 1761 maerentes
392 1723 509 1759 altum
538 1722 705 1760 cinerem
736 1729 772 1760 et
802 1723 963 1761 confusa
991 1725 1151 1761 ruebant

153 1796 242 1821 ossa
271 1782 365 1819 focis
393 1782 599 1831 tepidoque
628 1783 839 1819 onerabant
868 1795 1007 1831 aggere
1036 1790 1167 1820 terrae.

154 1842 237 1879 Iam
266 1853 355 1878 vero
384 1841 422 1877 in
451 1840 571 1886 tectis,
599 1841 817 1889 praedivitis
845 1842 938 1878 urbe
967 1841 1102 1887 Latini,

154 1901 381 1951 praecipuus
409 1899 537 1947 fragor
566 1907 603 1937 et
630 1899 735 1949 longi
766 1912 853 1949 pars
882 1901 1049 1937 maxima
1077 1900 1209 1937 luctus.

156 1960 232 1997 Hic
259 1967 397 1996 matres
426 1960 663 2008 miseraeque
692 1972 821 2005 nurus,
851 1959 911 1997 hic
941 1972 1029 1996 cara
1057 1971 1231 1996 sororum

154 2026 312 2069 pectora
340 2025 577 2056 maerentum
606 2018 789 2067 puerique
818 2019 1037 2067 parentibus
1065 2019 1145 2055 orbi

156 2079 279 2116 dirum
308 2085 553 2115 exsecrantur
580 2077 723 2114 bellum
753 2078 952 2127 Turnique
981 2078 1238 2126 hymenaeos:

156 2139 281 2186 ipsum
311 2138 424 2174 armis
454 2138 658 2187 ipsumque
688 2138 822 2174 iubent
851 2138 1055 2175 decernere
1084 2136 1191 2181 ferro,

156 2199 221 2247 qui
249 2210 409 2246 regnum
439 2197 568 2235 Italiae
597 2205 634 2234 et
663 2198 806 2246 primos
836 2198 905 2235 sibi
935 2204 1069 2246 poscat
1098 2196 1277 2234 honores.

157 2258 334 2306 Ingravat
362 2257 457 2294 haec
486 2269 620 2294 saevus
650 2257 821 2294 Drances
850 2257 1050 2305 solumque
1077 2257 1203 2293 vocari

157 2323 325 2362 testatur,
354 2315 477 2353 solum
508 2316 616 2365 posci
645 2317 684 2353 in
714 2317 920 2353 certamina
950 2315 1137 2352 Turnum.

158 2375 282 2413 Multa
310 2375 420 2413 simul
451 2382 583 2412 contra
611 2375 721 2412 variis
751 2376 938 2412 sententia
966 2374 1077 2412 dictis

159 2447 228 2483 pro
259 2434 404 2479 Turno,
435 2442 470 2471 et
498 2446 682 2483 magnum
711 2435 864 2484 reginae
895 2445 1038 2471 nomen
1069 2435 1284 2479 obumbrat,

1462 184 1521 224 185

1465 490 1525 524 190

1467 789 1525 822 195

1469 1085 1530 1107 200

1471 1380 1530 1412 205

1473 1676 1535 1698 210

1476 1973 1536 2004 215

1477 2270 1540 2293 220
