1669 2737
584 75 753 110 LIBER
781 77 836 113 II.
869 44 1078 125 692-7259.
1451 86 1466 112 1
1477 85 1528 126 23

141 180 304 219 evasisse
331 181 443 226 viam,
474 180 599 219 subito
628 193 716 219 cum
747 182 880 219 creber
909 182 958 219 ad
989 194 1098 220 aures

140 240 240 277 visus
269 238 405 277 adesse
434 239 576 288 pedum
606 241 764 285 sonitus,
795 242 1023 290 genitorque
1053 254 1122 290 per
1151 243 1327 278 umbram

81 343 85 346 Δ
140 298 378 347 prospiciens
408 300 429 316 “
444 297 542 335 Nate
556 295 578 311 '’
607 298 804 343 exclamat,
837 299 972 348 “fuge,
1004 307 1115 345 nate;
1157 301 1443 349 propinquant:

141 357 318 394 ardentes
347 356 491 405 clipeos
520 362 633 406 atque
661 370 747 394 aera
774 358 954 395 micantia
983 358 1134 396 cerno.”

141 415 219 453 Hic
247 415 340 452 mihi
368 416 499 452 nescio
528 416 635 465 quod
663 417 812 466 trepido
843 417 942 454 male
972 430 1116 454 numen
1146 418 1314 454 amicum
1469 433 1526 463 735

141 476 343 514 confusam
372 476 508 525 eripuit
536 484 715 514 mentem,
775 477 954 527 Namque
985 479 1069 514 avia
1097 490 1209 515 cursu

141 535 234 573 dum
263 547 404 585 sequor
431 542 468 572 et
498 541 590 573 nota
618 536 765 574 excedo
794 537 950 586 regione
981 538 1138 582 viarum,

139 594 214 631 heu
242 594 383 631 misero
413 594 583 631 coniunx
614 595 743 633 fatone
773 602 904 645 erepta
933 596 1080 634 Creusa

140 654 305 692 substitit
332 655 516 692 erravitne
544 656 603 692 via
632 668 699 693 seu
727 657 824 693 lassa
853 657 992 693 resedit

139 713 348 750 incertum:
388 725 460 750 nec
488 721 576 762 post
604 715 724 752 oculis
753 723 809 753 est
838 716 984 752 reddita
1013 716 1164 760 nostris,
1470 730 1528 760 740

139 786 211 812 nec
239 774 342 823 prius
371 774 551 811 amissam
579 777 730 825 respexi
759 777 977 814 animumve
1007 776 1147 817 reflexi,

139 844 257 881 quam
286 832 473 869 tumulum
502 834 682 883 antiquae
712 834 861 872 Cereris
891 835 1101 884 sedemque
1130 843 1320 872 sacratarn

139 892 337 937 venimus;
376 891 438 929 hic
466 891 622 929 demum
651 894 818 931 collectis
847 895 1027 931 omnibus
1057 907 1134 931 una

140 950 258 988 defuit
285 958 322 989 et
350 953 512 990 comites
541 960 753 1003 natumque
782 956 981 1004 virumque
1011 954 1149 991 fefellit.

141 1011 271 1059 Quem
298 1024 379 1050 non
406 1012 574 1050 incusavi
603 1026 735 1051 amens
764 1014 1043 1064 hominumque
1073 1015 1312 1063 deorumque
1469 1030 1527 1061 745

140 1078 205 1110 aut
233 1072 325 1121 quid
352 1072 392 1109 in
420 1085 552 1110 eversa
580 1074 656 1110 vidi
687 1074 874 1111 crudelius
904 1076 1022 1112 urbe?

141 1131 352 1169 Ascanium
381 1132 655 1181 Anchisenque
684 1140 830 1182 patrem
861 1133 1112 1182 Teucrosque
1145 1133 1306 1171 Penates

141 1191 376 1228 commendo
406 1192 521 1229 sociis
550 1198 586 1228 et
615 1204 728 1229 curva
755 1193 849 1229 valle
878 1193 1058 1229 recondo.

141 1249 229 1298 Ipse
258 1251 391 1287 urbem
420 1258 553 1299 repeto
582 1258 618 1288 et
647 1252 782 1300 cingor
812 1251 1044 1300 fulgentibus
1073 1252 1200 1289 armis.

142 1309 223 1346 Stat
251 1322 362 1348 casus
390 1323 572 1349 renovare
601 1324 738 1349 omnes
766 1325 1000 1361 omnemque
1030 1314 1164 1349 reverti
1468 1326 1530 1360 750

141 1381 209 1418 per
237 1370 398 1407 Troiam
428 1378 465 1408 et
492 1384 621 1409 rursus
650 1378 763 1421 caput
792 1372 983 1409 obiectare
1012 1372 1172 1421 periclis.

142 1428 333 1478 Principio
362 1443 493 1469 muros
523 1433 763 1480 obscuraque
791 1431 923 1468 limina
950 1438 1096 1480 portae,

142 1498 218 1536 qua
245 1500 420 1537 gressum
449 1491 668 1535 extuleram,
698 1498 841 1539 repeto,
871 1497 908 1527 et
936 1490 1095 1539 vestigia
1124 1497 1223 1528 retro

142 1547 341 1585 observata
370 1561 511 1598 sequor
539 1562 608 1598 per
637 1557 792 1587 noctem
822 1556 858 1586 et
887 1549 1030 1586 lumine
1059 1549 1189 1587 lustro.

143 1606 291 1644 Horror
317 1609 460 1657 ubique
488 1609 650 1654 animos,
681 1608 793 1645 simul
823 1609 905 1657 ipsa
936 1608 1084 1645 silentia
1113 1615 1261 1645 terrent.
1472 1622 1530 1655 755

143 1665 239 1703 Inde
269 1667 440 1713 domum,
471 1668 503 1705 si
533 1667 628 1705 forte
656 1668 809 1716 pedem,
839 1668 870 1704 si
900 1667 996 1704 forte
1025 1668 1180 1712 tulisset,

142 1737 206 1762 me
234 1725 365 1763 refero.
424 1726 613 1765 Irruerant
641 1727 767 1764 Danai
796 1734 833 1764 et
861 1733 1005 1764 tectum
1035 1738 1152 1763 omne
1182 1727 1377 1763 tenebant.

143 1784 249 1821 Ilicet
276 1785 376 1833 ignis
405 1785 502 1822 edax
532 1798 684 1823 summa
712 1785 761 1823 ad
790 1786 940 1835 fastigia
968 1793 1082 1822 vento

142 1843 312 1888 volvitur,
343 1852 576 1893 exsuperant
603 1845 794 1891 flammae,
825 1845 911 1882 furit
940 1852 1065 1882 aestus
1095 1845 1144 1881 ad
1173 1856 1294 1881 auras.

146 1902 317 1941 Procedo
346 1910 383 1941 et
412 1904 551 1941 Priami
581 1905 691 1942 sedes
720 1917 925 1953 arcemque
955 1904 1088 1941 reviso.
1471 1909 1531 1948 760

143 1961 194 1999 Et
221 1963 299 1999 iam
326 1963 536 2011 porticibus
565 1964 694 2001 vacuis
724 1963 884 2000 Iunonis
914 1963 1019 2011 asylo

144 2022 324 2060 custodes
351 2021 438 2059 lecti
467 2022 639 2060 Phoenix
668 2029 706 2059 et
734 2023 836 2060 dirus
865 2022 998 2059 Ulixes

143 2081 326 2130 praedam
353 2082 607 2119 asservabant.
663 2081 755 2118 Huc
782 2080 951 2130 undique
981 2080 1104 2118 Tro'1‘a
1131 2093 1227 2129 gaza

143 2141 308 2178 incensis
336 2147 466 2189 erepta
493 2141 617 2189 adytis
645 2152 879 2189 mensaeque
909 2140 1066 2177 deorum

144 2206 384 2248 crateresque
413 2211 504 2237 auro
534 2199 646 2237 solidi
674 2200 900 2248 captivaque
928 2199 1041 2235 vestis
1472 2204 1531 2245 765

145 2260 371 2309 congeritur.
427 2258 539 2296 Pueri
567 2264 605 2296 et
632 2259 792 2308 pavidae
820 2258 939 2307 longo
968 2258 1101 2295 ordine
1129 2265 1270 2295 matres

146 2325 246 2357 stant
273 2319 427 2356 circum.

146 2380 273 2416 Ausus
301 2379 395 2427 quin
423 2379 537 2416 etiam
565 2389 679 2415 voces
708 2378 848 2414 iactare
877 2388 945 2425 per
972 2376 1150 2413 umbram

145 2437 298 2486 implevi
325 2438 491 2475 clamore
519 2437 611 2481 vias,
641 2442 885 2484 maestusque
915 2434 1101 2472 Creusam
