1669 2737
571 70 736 105 LIBER
765 70 839 104 JX.
872 72 1081 118 341-.417·

135 179 224 217 hinc
253 187 365 229 atque
393 180 482 217 hinc
511 190 744 227 omnemque
774 177 917 215 abitum
947 177 1104 215 custode
1135 182 1332 215 coronant.

138 238 239 276 Silva
266 238 334 275 fuit
361 239 435 276 late
465 237 590 275 dumis
619 244 733 286 atque
762 237 843 273 ilice
873 237 981 285 nigra

137 297 298 342 horrida,
328 309 446 346 quam
475 296 584 334 densi
612 296 851 344 complerant
881 295 1048 344 undique
1078 302 1204 332 sentes
1220 308 1230 341 3

136 368 219 393 rara
245 369 313 405 per
342 356 514 394 occultos
542 355 691 393 lucebat
721 355 855 392 semita
884 355 1010 392 calles.

137 415 344 464 Euryalum
373 415 552 452 tenebrae
581 425 775 451 ramorum
805 425 1046 463 onerosaque
1076 412 1221 462 praeda

136 475 349 524 impediunt
378 474 544 523 fallitque
573 473 685 511 timor
712 474 869 521 regione
899 473 1070 519 viarum;

137 534 254 573 Nisus
283 535 369 572 abit.
426 535 586 584 Iamque
614 534 837 582 imprudens
867 540 1035 570 evaserat
1068 533 1197 570 hostes

137 601 249 644 atque
278 594 396 640 locos,
427 595 490 643 qui
518 601 606 643 post
634 593 757 630 Albae
787 593 834 630 de
865 593 1022 629 nomine
1053 592 1144 630 dicti

137 654 287 699 Albani,
314 661 394 692 tum
423 666 488 690 rex
518 653 666 691 stabula
695 652 769 690 alta
797 652 955 689 Latinus
985 651 1159 689 habebat.

137 713 190 751 Ut
218 715 318 752 stetit
346 722 382 752 et
411 714 546 751 frustra
573 714 771 750 absentem
800 713 966 760 respexit
996 712 1174 756 amicum,

137 773 320 823 ‘Euryale
348 773 487 818 infelix,
517 784 593 821 qua
621 779 657 809 te
686 771 842 820 regione
872 771 1032 820 reliqui?

137 845 257 882 quave
285 845 430 881 sequar,
460 843 587 869 rursus
616 831 841 880 perplexum
870 830 938 867 iter
968 842 1083 868 omne
1113 829 1311 867 revolvens

136 892 277 929 fallacis
307 891 468 929 silvae?'
527 891 647 928 Simul
677 897 712 927 et
742 891 900 938 vestigia
929 897 1030 927 retro

137 952 336 988 observata
364 950 454 999 legit
483 950 683 999 dumisque
713 949 904 986 silentibus
934 956 1044 986 errat.

136 1010 254 1047 Audit
281 1022 413 1059 equos,
444 1010 548 1047 audit
576 1009 751 1058 strepitus
780 1015 817 1045 et
846 1009 955 1056 signa
984 1015 1221 1057 sequentum.

137 1069 221 1108 Nec
250 1070 409 1118 longum
437 1070 477 1106 in
505 1069 632 1106 medio
662 1075 824 1117 tempus,
855 1080 943 1104 cum
973 1068 1116 1105 clamor
1145 1068 1193 1105 ad
1223 1079 1331 1105 aures

137 1129 316 1179 pervenit,
347 1141 392 1166 ac
420 1128 520 1166 videt
549 1127 766 1176 Euryalum,
799 1138 913 1175 quem
944 1127 1019 1163 iam
1049 1138 1185 1163 manus
1215 1127 1339 1164 omnis

138 1188 269 1226 fraude
297 1188 372 1226 loci
400 1194 437 1225 et
465 1187 599 1231 noctis,
630 1187 756 1224 subito
785 1187 959 1223 turbante
989 1186 1161 1229 tumultu,

137 1260 365 1297 oppressum
393 1249 491 1296 rapit
519 1254 556 1284 et
584 1253 790 1284 conantem
818 1246 981 1294 plurima
1009 1245 1155 1282 frustra.

139 1307 243 1353 Quid
271 1307 407 1345 faciat?
447 1318 522 1356 qua
549 1306 584 1343 vi
613 1306 799 1349 iuvenem,
831 1306 968 1353 quibus
998 1305 1136 1342 audeat
1164 1304 1277 1342 armis

137 1367 305 1415 eripere?
345 1378 394 1403 an
423 1377 506 1403 sese
534 1365 681 1403 medios
710 1365 914 1402 moriturus
944 1365 982 1401 in
1013 1376 1122 1402 enses

138 1425 272 1463 inferat
300 1432 337 1462 et
366 1425 565 1474 pulchram
593 1430 771 1473 properet
799 1435 867 1472 per
896 1423 1049 1460 vulnera
1077 1423 1266 1460 mortem?

139 1484 259 1523 Ocius
286 1483 451 1521 adducto
481 1489 633 1531 torquet
660 1482 795 1519 hastile
825 1482 966 1519 lacerto

139 1544 347 1593 suspiciens
375 1542 489 1580 altam
519 1541 680 1586 Lunam,
711 1547 747 1579 et
776 1541 829 1578 sic
858 1552 952 1578 voce
982 1547 1179 1590 precatur:

140 1603 237 1649 ‘Tu,
267 1603 347 1648 dea,
377 1609 418 1639 tu
445 1594 628 1650 praesens
658 1608 790 1637 nostro
820 1612 996 1638 succurre
1026 1601 1158 1645 labori,

139 1670 325 1701 astrorum
356 1661 472 1699 decus
502 1667 538 1698 et
566 1672 769 1697 nemorum
797 1659 960 1697 Latonia
993 1667 1132 1697 custos.

141 1723 179 1760 Si
207 1734 283 1772 qua
313 1722 382 1759 tuis
411 1732 596 1770 umquam
625 1731 696 1768 pro
724 1731 787 1756 me
816 1728 923 1768 pater
953 1718 1145 1768 Hyrtacus
1174 1718 1248 1756 aris

141 1784 244 1821 dona
271 1782 364 1827 tulit,
394 1781 425 1819 si
454 1793 529 1830 qua
557 1781 640 1829 ipse
669 1780 764 1817 meis
793 1780 992 1817 venatibus
1022 1781 1107 1817 auxi

140 1842 366 1891 suspendive
395 1840 501 1878 tholo
531 1845 594 1876 aut
624 1851 731 1876 sacra
759 1838 807 1876 ad
837 1838 985 1887 fastigia
1015 1839 1090 1884 fixi,

139 1902 241 1939 hunc
270 1901 350 1938 sine
380 1912 442 1937 me
469 1900 619 1936 turbare
649 1898 807 1947 globum
837 1905 873 1935 et
902 1910 992 1946 rege
1022 1898 1094 1935 tela
1123 1911 1191 1948 per
1220 1896 1352 1935 auras.'

140 1960 307 2005 Dixerat,
336 1965 373 1997 et
401 1965 482 1996 toto
512 1958 675 1996 conixus
705 1969 866 2006 corpore
895 1957 1035 1994 ferrum

141 2019 318 2057 coniicit:
357 2017 465 2054 hasta
493 2017 625 2054 volans
655 2018 779 2054 noctis
809 2017 1019 2053 diverberat
1047 2017 1202 2054 umbras

141 2085 179 2117 et
204 2078 307 2115 venit
335 2077 479 2114 adversi
507 2077 547 2113 in
576 2083 725 2125 tergum
756 2075 948 2112 Sulmonis
978 2076 1107 2125 ibique

141 2138 323 2187 frangitur
350 2148 395 2174 ac
423 2136 513 2173 fisso
543 2136 674 2173 transit
703 2134 927 2183 praecordia
956 2135 1075 2183 ligno.

141 2197 314 2234 Volvitur
342 2197 401 2233 ille
429 2207 588 2233 vomens
617 2195 782 2232 calidum
813 2194 860 2231 de
888 2201 1043 2243 pectore
1072 2194 1216 2232 flumen

141 2256 309 2305 frigidus,
338 2262 375 2293 et
404 2255 528 2303 longis
559 2254 786 2303 singultibus
816 2253 877 2289 ilia
905 2253 1039 2301 pulsat.

142 2314 290 2353 Diversi
319 2313 635 2362 circumspiciunt.
694 2311 783 2349 Hoc
813 2312 934 2349 acrior
963 2312 1065 2350 idem

143 2386 231 2412 ecce
260 2372 361 2410 aliud
389 2383 538 2409 summa
566 2372 682 2410 telum
711 2371 869 2408 librabat
897 2371 946 2408 ab
976 2383 1077 2409 aure.

634 2466 708 2499 402.
733 2462 740 2473 ⁴
752 2462 902 2498 torquens
912 2458 918 2468 ’
937 2457 1030 2489 MSS.

1458 475 1518 516 385

1458 783 1520 815 390

1455 1081 1515 1112 395

1457 1377 1520 1407 400

1459 1673 1520 1705 405

1460 1972 1523 2001 410

1461 2268 1522 2299 415
