1669 2737
142 67 224 121 276
719 69 942 106 AENEJS.

141 192 239 230 quae
269 179 406 229 cuique
436 185 494 218 est
523 178 676 216 fortuna
705 178 830 224 hodie,
861 189 979 227 quam
1008 177 1170 227 quisque
1201 182 1304 215 secat
1334 186 1455 226 spem,

142 240 244 277 Tros
275 239 486 276 Rutulusve
517 238 607 284 fuat,
639 238 743 275 nullo
774 238 991 275 discrimine
1021 237 1184 282 habebo,

143 312 211 337 seu
240 298 324 335 fatis
355 298 493 334 Italum
523 304 647 335 castra
676 297 879 335 obsidione
907 303 1086 335 tenentur

143 359 221 396 sive
250 369 374 394 errore
403 356 505 393 malo
536 355 678 394 Troiae
708 356 939 406 monitisque
967 357 1136 394 sinistris.
1476 369 1536 390 110

144 417 228 456 Nec
260 415 420 454 Rutulos
451 416 584 453 solvo:
625 427 695 453 sua
723 416 861 466 cuique
893 428 1028 454 exorsa
1056 416 1228 453 laborem

145 477 414 525 fortunamque
443 475 573 512 ferent.
632 474 717 512 Rex
748 475 919 525 Iuppiter
949 476 1127 513 omnibus
1158 475 1270 512 idem.

147 535 241 573 Fata
268 535 366 572 viam
396 535 613 571 invenient.’
672 534 791 584 Stygii
821 547 889 584 per
917 535 1076 573 flumina
1107 534 1243 579 fratris,

148 607 215 644 per
243 595 327 643 pice
357 600 542 632 torrentes
572 601 728 643 atraque
757 596 935 643 voragine
965 595 1066 644 ripas

149 655 292 698 annuit,
322 660 359 690 et
387 659 510 690 totum
539 660 634 690 nutu
663 653 874 691 tremefecit
903 653 1124 704 Olympum.
1477 662 1536 695 115

151 712 228 750 Hic
258 713 341 750 finis
371 712 485 749 fandi.
544 712 658 762 Solio¹
678 719 758 751 turn
788 713 958 762 Iuppiter
987 725 1103 750 aureo

152 773 281 821 surgit,
311 771 514 809 caelicolae
544 771 716 809 medium
745 784 861 821 quem
890 772 939 810 ad
967 772 1097 809 limina
1127 772 1282 809 ducunt.

206 831 355 868 Interea
384 829 514 867 Rutuli
544 831 663 879 portis
692 832 837 868 circum
867 832 1045 868 omnibus
1075 831 1217 867 instant

154 898 318 928 sternere
349 889 467 926 caede
496 889 594 927 viros
624 896 660 926 et
689 890 844 927 moenia
873 890 1025 938 cingere
1054 889 1229 926 flammis.

154 953 205 989 At
234 951 333 999 legio
364 949 592 987 Aeneadum
621 950 725 987 vallis
755 951 914 988 obsessa
944 957 1103 995 tenetur,
1482 959 1541 983 120

157 1023 228 1048 nec
257 1022 344 1058 spes
373 1008 448 1046 ulla
477 1008 598 1057 fugae.
655 1008 787 1046 Miseri
817 1016 917 1047 stant
946 1010 1107 1047 turribus
1136 1009 1217 1046 altis

156 1071 389 1120 nequiquam
419 1076 456 1106 et
484 1080 568 1105 rara
597 1081 727 1106 muros
756 1069 909 1106 cinxere
937 1081 1082 1107 corona

156 1131 271 1168 Asius
301 1127 531 1165 Imbrasides
562 1127 892 1177 Hicetaoniusque
921 1128 1159 1178 Thymoetes

157 1189 410 1236 Assaracique
440 1187 516 1224 duo
547 1193 584 1224 et
613 1187 739 1224 senior
768 1200 857 1224 cum
885 1186 1045 1225 Castore
1075 1186 1296 1237 Thymbris,

158 1250 280 1300 prima
308 1247 431 1292 acies;
472 1245 543 1283 hos
572 1247 744 1295 germani
775 1246 1008 1296 Sarpedonis
1037 1248 1152 1284 ambo
1486 1256 1543 1288 125

160 1316 197 1346 et
226 1307 359 1345 Clarus
388 1313 424 1342 et
453 1305 658 1343 Thaemon
688 1306 806 1355 Lycia
835 1306 1064 1343 comitantur
1096 1306 1144 1343 ab
1174 1304 1258 1341 alta.

160 1369 247 1406 Fert
275 1368 412 1415 ingens
441 1372 521 1402 toto
551 1366 712 1404 conixus
743 1378 904 1416 corpore
934 1378 1082 1410 saxum,

161 1426 263 1465 haud
292 1432 438 1475 partem
468 1425 646 1473 exiguam
675 1425 827 1470 montis,
859 1424 1065 1474 Lyrnesius
1094 1423 1260 1468 Acmon,

162 1499 234 1525 nee
263 1484 387 1534 Clytio
418 1485 589 1532 genitore
618 1484 743 1521 minor
771 1497 843 1522 nec
873 1484 985 1521 fratre
1016 1483 1258 1522 Menestheo.

165 1546 218 1583 Hi
247 1544 386 1589 iaculis,
416 1543 466 1580 illi
496 1550 638 1580 certant
667 1543 871 1580 defendere
901 1544 1002 1581 saxis
1489 1553 1552 1584 130

164 1606 363 1653 molirique
393 1603 524 1651 ignem
553 1614 746 1651 nervoque
776 1609 903 1651 aptare
933 1603 1101 1652 sagittas.

164 1666 254 1714 Ipse
283 1665 377 1701 inter
405 1662 564 1706 medios,
594 1660 754 1698 Veneris
784 1661 989 1699 iustissima
1019 1674 1121 1706 cura,

165 1722 383 1762 Dardanius
413 1728 525 1769 eaput
553 1732 642 1757 ecce
671 1732 766 1769 puer
795 1720 965 1757 detectus
994 1720 1209 1765 honestum,

167 1784 287 1834 qualis
316 1793 471 1831 gemma
499 1781 622 1822 micat,
653 1780 796 1818 fulvum
826 1793 923 1829 quae
954 1781 1083 1818 dividit
1112 1792 1256 1825 aurum,

168 1850 232 1880 aut
261 1842 358 1879 collo
389 1841 505 1878 decus
535 1846 598 1877 aut
627 1840 763 1888 capiti;
803 1840 862 1876 vel
892 1839 1002 1888 quale
1031 1851 1100 1888 per
1128 1846 1247 1876 artem
1495 1851 1552 1883 135

169 1903 356 1940 inclusum
385 1900 489 1936 buxo
519 1905 583 1936 aut
612 1898 737 1936 Oricia
765 1899 980 1936 terebintho

170 1962 271 2006 lucet
299 1960 391 1997 ebur
402 1972 412 2005 ;
452 1958 558 1996 fusos
588 1958 711 1996 cervix
741 1958 801 1996 cui
829 1958 951 1995 lactea
982 1958 1104 1995 crines

173 2019 308 2068 accipit
337 2025 373 2055 et
401 2017 505 2054 molli
535 2018 764 2055 subnectens
792 2017 954 2055 circulus
985 2029 1090 2054 auro.

173 2080 233 2116 Te
262 2090 415 2128 quoque
443 2077 711 2126 magnanimae
741 2077 923 2123 viderunt,
956 2076 1112 2122 Ismare,
1142 2081 1277 2125 gentes

173 2139 326 2176 vulnera
357 2137 514 2185 dirigere
544 2143 580 2173 et
610 2136 777 2174 calamos
806 2148 952 2173 armare
980 2147 1142 2180 veneno,
1498 2148 1558 2180 140

174 2197 357 2234 Maeonia
386 2208 571 2244 generose
602 2195 731 2241 domo,
761 2195 826 2232 ubi
855 2194 1012 2244 pinguia
1042 2194 1142 2232 culta

174 2262 428 2305 exercentque
457 2256 522 2292 viri
552 2255 805 2304 Pactolusque
834 2255 960 2303 irrigat
989 2266 1091 2291 auro.

176 2317 298 2354 Affuit
325 2322 361 2353 et
390 2314 627 2359 Mnestheus,
658 2326 773 2363 quem
803 2314 901 2364 pulsi
930 2313 1089 2362 pristina
1118 2311 1243 2349 Turni

176 2388 316 2425 aggere
345 2387 540 2411 murorum
570 2373 772 2411 sublimem
802 2373 922 2422 gloria
950 2372 1054 2417 tollit,

178 2442 215 2472 et
243 2433 394 2484 Capys:
434 2433 521 2470 hinc
551 2444 695 2470 nornen
725 2432 948 2482 Campanae
976 2431 1122 2470 ducitur
1151 2430 1245 2468 urbi.
1499 2444 1558 2476 145
