1669 2737
132 77 215 132 308
709 83 936 120 AENEJS.

134 189 201 227 Sin
230 196 266 228 et
295 202 390 240 opes
419 189 531 229 nobis
561 197 598 229 et
627 190 753 229 adhuc
783 192 923 229 intacta
952 190 1125 230 iuventus

132 250 348 300 auxilioque
377 252 491 288 urbes
521 251 638 288 Italae
667 252 878 300 populique
908 258 1123 300 supersunt,

133 310 192 345 sin
220 315 258 346 et
287 309 465 347 Troianis
494 322 582 348 cum
611 311 732 348 multo
761 311 882 360 gloria
910 311 1011 347 venit

133 368 319 418 sanguine
349 366 453 419 (sunt
481 369 551 406 illis
581 381 649 407 sua
679 369 811 406 funera
839 381 983 418 parque
1012 382 1081 418 per
1109 380 1246 407 omnes

132 426 382 477 tempestas):
420 440 486 464 cur
514 428 713 465 indecores
743 429 782 465 in
811 428 941 464 limine
970 429 1095 477 primo

132 485 356 524 deficimus?
395 499 461 524 cur
488 493 576 524 ante
604 488 733 524 tubam
762 494 903 524 tremor
926 494 1091 536 occupat
1120 488 1249 525 artus?

133 544 257 582 Multa
285 546 364 583 dies
393 546 557 595 variique
585 545 692 583 labor
720 546 909 584 mutabilis
938 547 1019 583 aevi

132 605 270 642 rettulit
298 605 337 641 in
366 605 511 650 melius,
542 605 682 642 multos
711 606 854 642 alterna
881 606 1048 644 revisens

132 664 220 702 lusit
250 670 286 701 et
315 664 353 700 in
383 664 505 701 solido
534 675 662 700 rursus
691 663 861 702 Fortuna
888 664 1035 703 locavit.

133 722 227 760 Non
255 722 322 760 erit
351 722 490 760 auxilio
519 723 631 759 nobis
660 723 821 761 Aetolus
850 730 887 761 et
917 725 1033 773 Arpi:

133 789 173 820 at
200 781 404 830 Messapus
432 781 500 818 erit
529 781 694 830 felixque
723 781 953 820 Tolumnius
983 790 1019 820 et
1049 795 1147 833 quos

133 848 190 880 tot
217 841 350 890 populi
379 841 513 877 misere
543 840 669 886 duces,
700 853 772 879 nec
806 854 923 890 parva
952 850 1131 891 sequetur

134 902 255 949 gloria
284 900 451 938 delectos
480 899 591 937 Latio
621 906 658 937 et
687 900 940 938 Laurentibus
970 902 1080 949 agris.

134 960 204 997 Est
233 966 270 997 et
297 958 528 996 Volscorum
556 959 710 1008 egregia
739 959 786 996 de
815 967 930 1007 gente
960 959 1130 1005 Camilla,

135 1031 276 1068 agmen
305 1030 423 1067 agens
452 1018 621 1067 equitum
650 1025 687 1055 et
715 1018 893 1056 florentes
922 1031 1008 1055 aere
1038 1025 1215 1056 catervas.

136 1078 255 1124 Quod
283 1077 314 1115 si
343 1089 404 1114 me
433 1077 559 1114 solum
588 1076 727 1114 Teucri
756 1077 794 1113 in
824 1078 1031 1115 certamina
1059 1084 1224 1126 poscunt

135 1138 250 1186 idque
278 1136 402 1185 placet
429 1142 652 1184 tantumque
680 1136 792 1173 bonis
822 1137 1090 1174 communibus
1118 1137 1243 1181 obsto,

135 1208 214 1233 non
245 1196 342 1232 adeo
371 1194 440 1231 has
469 1206 587 1232 exosa
617 1207 754 1233 manus
784 1195 955 1233 Victoria
984 1195 1090 1245 fugit,

136 1262 177 1293 ut
205 1260 309 1292 tanta
337 1254 542 1303 quicquam
571 1266 643 1303 pro
673 1266 740 1303 spe
769 1261 955 1304 temptare
984 1266 1167 1292 recusem.

137 1315 209 1352 Ibo
238 1314 373 1350 animis
403 1319 545 1358 contra,
575 1313 633 1349 vel
662 1325 848 1362 magnum
877 1320 1043 1362 praestet
1070 1312 1260 1350 Achillem

137 1374 310 1422 factaque
340 1371 503 1408 Vulcani
530 1372 708 1409 manibus
737 1373 843 1421 paria
871 1373 1001 1410 induat
1029 1384 1134 1410 arma

138 1433 198 1470 ille
226 1432 322 1469 licet.
381 1430 503 1468 Vobis
532 1432 700 1468 animam
730 1431 830 1469 hanc
859 1443 1071 1481 soceroque
1100 1431 1239 1469 Latino

139 1492 294 1529 Turnus
324 1502 410 1538 ego,
440 1490 543 1527 haud
570 1491 634 1527 ulli
663 1497 831 1528 veterum
860 1492 994 1528 virtute
1023 1491 1223 1536 secundus,

139 1550 286 1588 devovi.
342 1548 511 1585 “Solum
539 1549 690 1587 Aeneas
721 1558 833 1588 vocat
850 1550 891 1587 :'’
932 1556 969 1588 et
996 1557 1106 1587 vocet
1134 1561 1227 1596 oro;

139 1622 211 1647 nec
238 1608 411 1645 Drances
439 1608 574 1656 potius,
605 1609 681 1646 sive
711 1616 769 1646 est
797 1609 892 1646 haec
921 1609 976 1646 ira
1004 1609 1176 1654 deorum,

139 1674 262 1706 morte
290 1668 377 1713 luat,
407 1667 483 1705 sive
512 1674 567 1704 est
595 1668 709 1705 virtus
739 1676 775 1705 et
804 1669 934 1717 gloria,
965 1667 1092 1705 tollat.'

195 1728 252 1765 Illi
280 1727 374 1764 haec
404 1727 501 1763 inter
529 1739 570 1763 se
599 1727 722 1764 dubiis
753 1728 799 1764 de
828 1729 938 1765 rebus
968 1729 1133 1776 agebant

141 1793 352 1832 certantes;
392 1794 513 1823 castra
541 1786 693 1824 Aeneas
725 1787 922 1836 aciemque
951 1787 1152 1824 movebat:

140 1847 295 1884 nuntius
323 1845 466 1894 ingenti
495 1857 562 1894 per
589 1846 694 1894 regia
722 1852 822 1883 tecta
850 1845 1012 1882 tumultu

141 1919 231 1945 ecce
260 1906 331 1943 ruit
358 1905 585 1954 magnisque
612 1906 746 1942 urbem
774 1905 978 1943 terroribus
1007 1903 1148 1953 implet,

140 1968 344 2004 instructos
373 1965 453 2002 acie
483 1964 668 2002 Tiberino
696 1977 719 2002 a
746 1964 903 2001 flumine
933 1963 1106 2000 Teucros

142 2026 461 2076 Tyrrhenamque
490 2036 647 2061 manum
677 2024 765 2061 totis
793 2023 1025 2061 descendere
1054 2023 1210 2072 campis.

141 2084 347 2132 Extemplo
376 2084 512 2121 turbati
542 2084 658 2120 animi
688 2095 953 2131 concussaque
982 2082 1084 2131 vulgi

144 2150 301 2194 pectora
329 2149 366 2180 et
394 2149 559 2180 arrectae
589 2142 747 2180 stimulis
775 2142 877 2179 haud
906 2140 1083 2178 mollibus
1111 2140 1200 2178 irae.

144 2206 265 2243 Arma
293 2215 410 2240 manu
438 2203 574 2252 trepidi
603 2208 779 2252 poscunt,
808 2201 931 2239 fremit
960 2213 1064 2238 arma
1092 2200 1276 2245 iuventus,

144 2264 236 2302 flent
265 2262 398 2300 maesti
426 2269 675 2311 mussantque
703 2268 840 2310 patres.
898 2260 975 2297 Hic
1003 2259 1172 2309 undique
1201 2260 1344 2297 clamor

147 2323 319 2361 dissensu
347 2322 448 2358 vario
477 2333 641 2370 magnus
670 2333 711 2358 se
739 2320 832 2357 tollit
860 2320 900 2356 in
929 2331 1039 2357 auras

147 2382 248 2419 haud
277 2392 385 2417 secus
414 2387 526 2428 atque
555 2380 631 2418 alto
659 2380 699 2416 in
726 2379 814 2416 luco
844 2391 931 2416 cum
960 2378 1056 2416 forte
1086 2385 1254 2416 catervae

149 2440 354 2480 consedere
382 2440 506 2476 avium
535 2440 734 2488 piscosove
764 2451 876 2476 amne
906 2437 1079 2476 Padusae

1454 266 1517 298 420

1454 560 1515 592 425

1455 854 1519 887 430

1454 1150 1516 1180 435

1456 1445 1521 1477 440

1458 1740 1519 1771 445

1459 2038 1523 2069 450

1457 2333 1521 2365 455
