1669 2737
539 85 705 120 LIBER
733 85 805 121 IX.
836 79 1047 134 496-573.

112 195 294 243 Princeps
322 193 520 232 ardentem
549 194 711 231 coniecit
739 191 917 242 lampada
947 194 1102 231 Turnus

111 261 147 292 et
175 254 370 291 flammam
399 253 516 290 affixit
545 253 658 297 lateri,
689 264 800 301 quae„
816 253 979 301 plurima
1007 259 1122 289 vento

112 314 293 363 corripuit
320 314 468 351 tabulas
497 319 533 350 et
562 313 737 362 postibus
765 312 888 349 haesit
916 311 1054 350 adesis.

112 372 270 410 Turbati
299 373 487 422 trepidare
516 373 615 409 intus
644 371 855 420 frustraque
885 371 1074 409 malorum

111 432 204 470 velle
233 432 375 481 fugam.
432 431 538 469 Dum
566 443 607 468 se
635 430 847 480 glomerant
877 437 1054 479 retroque
1083 431 1251 469 residunt

111 493 150 529 in
178 499 335 541 partem,
365 503 465 541 quae
494 496 600 540 peste
629 496 741 535 caret,
771 496 852 527 turn
881 490 1051 539 pondere
1080 491 1187 528 turris

111 552 312 600 procubuit
342 551 466 588 subito
496 557 533 588 et
562 550 709 587 caelum
739 555 846 586 tonat
875 560 991 586 omne
1021 549 1180 598 fragore.

112 610 331 648 Semineces
361 610 409 647 ad
437 616 587 655 terram,
617 609 776 646 immani
805 608 908 646 mole
938 615 1078 654 secuta,

111 669 327 718 confixique
357 669 433 706 suis
462 668 544 705 telis
574 675 610 705 et
638 675 796 717 pectora
826 668 921 705 duro

111 728 307 766 transfossi
334 728 440 776 ligno
469 728 636 765 veniunt.
693 727 769 764 Vix
799 739 897 765 unus
927 727 1100 765 Helenor

111 794 147 825 et
176 787 302 836 Lycus
329 787 458 836 elapsi.
515 786 690 832 Quorum
721 787 934 835 primaevus
965 786 1147 832 Helenor,

110 847 295 885 Maeonio
324 847 404 896 regi
434 859 549 896 quem
578 859 683 884 serva
712 846 912 895 Licymnia
940 846 1066 883 furtim

111 907 309 944 sustulerat
338 906 534 955 vetitisque
564 906 613 943 ad
642 905 803 943 Troiam
832 907 985 943 miserat
1014 905 1139 950 armis,

110 978 201 1004 ense
229 966 320 1003 levis
349 965 454 1003 nudo
483 977 691 1015 parmaque
720 965 904 1013 inglorius
933 964 1043 1011 alba;

110 1027 216 1075 isque
245 1025 309 1062 ubi
339 1037 379 1062 se
408 1025 529 1062 Turni
559 1024 686 1062 media
715 1024 811 1062 inter
839 1024 954 1061 millia
982 1024 1083 1070 vidit,

110 1085 198 1123 hinc
227 1085 328 1123 acies
357 1090 470 1133 atque
500 1084 589 1121 hinc
619 1084 719 1121 acies
749 1090 869 1120 astare
898 1083 1074 1120 Latinas:

110 1151 151 1182 ut
178 1143 268 1189 fera,
298 1155 396 1192 quae
426 1143 546 1181 densa
575 1149 780 1180 venantum
810 1150 943 1192 saepta
973 1153 1116 1180 corona

110 1209 242 1241 contra
269 1203 344 1240 tela
372 1202 459 1240 furit
487 1214 647 1251 seseque
676 1202 779 1239 haud
808 1202 937 1240 nescia
965 1201 1078 1239 morti

111 1263 229 1300 iniicit
257 1269 294 1299 et
323 1262 419 1299 saltu
447 1274 560 1311 supra
588 1261 776 1299 venabula
806 1261 929 1308 fertur,

109 1322 211 1359 haud
239 1321 344 1358 aliter
372 1321 516 1359 iuvenis
545 1321 694 1358 medios
722 1321 926 1358 moriturus
954 1320 993 1358 in
1021 1320 1151 1358 hostes

110 1382 213 1418 irruit
241 1387 289 1426 et,
319 1392 394 1430 qua
423 1380 496 1418 tela
525 1381 623 1418 videt
652 1380 890 1426 densissima,
920 1381 1050 1418 tendit.

109 1443 162 1479 At
189 1441 350 1491 pedibus
378 1441 493 1490 longe
522 1440 656 1478 melior
685 1440 811 1490 Lycus
840 1441 936 1478 inter
965 1448 1002 1478 et
1029 1441 1160 1478 hostes

110 1503 204 1539 inter
233 1507 269 1538 et
297 1512 401 1538 arma
429 1499 520 1548 fuga
548 1512 678 1537 muros
706 1506 809 1536 tenet
838 1500 987 1549 altaque
1018 1506 1135 1537 certat

110 1560 295 1610 prendere
323 1565 422 1596 tecta
449 1570 568 1596 manu
598 1559 823 1607 sociumque
852 1560 1038 1608 attingere
1068 1559 1229 1596 dextras.

111 1619 239 1666 Quem
269 1619 436 1664 Turnus,
466 1618 604 1667 pariter
633 1630 745 1655 cursu
774 1617 926 1668 teloque
955 1627 1119 1664 secutus,

110 1681 280 1728 increpat
307 1678 366 1716 his
395 1678 536 1715 victor:
578 1676 789 1714 Nostrasne
819 1678 989 1723 evadere,
1020 1678 1192 1723 demens,

111 1739 269 1789 sperasti
296 1745 334 1775 te
361 1749 477 1786 posse
507 1736 689 1773 manus?'
729 1737 839 1774 simul
868 1738 996 1786 arripit
1025 1738 1152 1786 ipsum

110 1797 343 1848 pendentem
371 1804 408 1834 et
436 1808 579 1845 magna
608 1796 704 1832 muri
734 1808 823 1833 cum
852 1803 959 1845 parte
988 1797 1138 1834 revellit.

112 1857 246 1904 Qualis
274 1856 340 1893 ubi
369 1863 433 1893 aut
461 1856 632 1904 leporem
662 1861 726 1892 aut
755 1855 933 1893 candenti
963 1868 1123 1905 corpore
1153 1867 1317 1905 cycnum

112 1916 257 1954 sustulit
285 1916 359 1953 alta
387 1922 521 1964 petens
551 1914 712 1963 pedibus
742 1914 844 1952 Iovis
874 1915 1037 1963 armiger
1066 1915 1187 1961 uncis,

113 1976 325 2025 quaesitum
353 1982 417 2012 aut
445 1974 554 2011 matri
583 1973 709 2010 multis
738 1974 925 2011 balatibus
954 1986 1096 2023 agnum

113 2034 270 2072 Martius
299 2046 322 2071 a
349 2033 505 2072 stabulis
534 2034 658 2082 rapuit
687 2032 809 2081 lupus.
868 2031 1048 2082 Undique
1079 2033 1223 2071 clamor

113 2094 277 2132 tollitur:
316 2093 498 2130 invadunt
526 2100 564 2130 et
593 2092 716 2130 fossas
746 2104 885 2140 aggere
915 2092 1134 2140 complent;

113 2154 287 2192 ardentes
315 2152 445 2190 taedas
474 2152 534 2189 alii
563 2152 612 2189 ad
641 2151 790 2200 fastigia
818 2152 966 2188 iactant.

113 2213 281 2250 Ilioneus
310 2223 404 2249 saxo
434 2219 546 2261 atque
576 2211 722 2260 ingenti
752 2210 939 2258 fragmine
968 2212 1109 2249 montis

113 2272 313 2310 Lucetium
341 2278 474 2320 portae
502 2271 730 2308 subeuntem
759 2270 945 2318 ignesque
974 2269 1168 2316 ferentem,

113 2331 344 2369 Emathiona
373 2329 495 2378 Liger,
524 2329 768 2378 Corynaeum
797 2329 928 2366 sternit
957 2329 1093 2374 Asilas,

113 2391 175 2428 hic
204 2390 326 2427 iaculo
354 2390 492 2434 bonus,
521 2389 582 2425 hic
611 2389 728 2435 longe
757 2387 909 2424 fallente
939 2388 1097 2437 sagitta;

115 2450 317 2500 Ortygium
347 2448 535 2495 Caeneus,
565 2448 748 2486 victorem
777 2446 930 2485 Caenea
959 2446 1127 2492 Turnus,

1414 79 1495 130 265

1434 207 1495 238 535

1432 503 1494 534 540

1434 801 1493 831 545

1433 1096 1496 1128 550

1429 1394 1490 1425 555

1431 1684 1493 1723 560

1431 2284 1493 2316 570
