1669 2737
173 57 226 97 66
725 63 1011 99 GEORGICA.

173 182 260 208 cum
289 169 377 207 furit
405 176 518 219 atque
548 177 649 208 artus
679 170 894 220 depascitur
923 170 1026 208 arida
1055 170 1180 217 febris,

172 231 312 280 profuit
341 231 521 268 incensos
551 238 677 268 aestus
707 238 872 268 avertere
903 238 939 268 et
968 232 1064 268 inter

172 292 249 327 ima
279 290 386 327 ferire
417 290 526 339 pedis
556 291 754 327 salientem
785 292 972 339 sanguine
1002 303 1151 336 venam,
1501 295 1566 331 460

172 349 336 387 Bisaltae
366 362 443 399 quo
473 362 580 386 more
610 350 734 386 solent
763 362 927 398 acerque
958 349 1142 391 Gelonus.

173 422 261 446 cum
290 409 385 458 fugit
414 410 452 445 in
484 408 705 457 Rhodopen
736 417 849 458 atque
879 410 917 446 in
948 409 1097 447 deserta
1127 409 1323 454 Getarum,

172 477 209 506 et
237 470 294 506 lac
326 477 549 507 concretum
579 481 666 506 cum
698 470 884 518 sanguine
914 477 1020 518 potat
1046 470 1199 518 equino.

173 530 302 576 Quam
331 529 465 579 procul
494 529 691 566 aut'molli
722 529 925 567 succedere
955 531 1106 578 saepius
1137 530 1295 566 umbrae

171 590 307 627 videris
337 595 401 626 aut
430 600 600 626 summas
630 595 852 637 carpentem
881 590 1054 638 ignavius
1083 589 1231 634 herbas,
1499 592 1562 633 465

171 657 459 697 extremamque
491 647 597 697 sequi
627 655 690 685 aut
719 648 848 685 medio
879 651 1130 697 procumbere
1161 659 1299 697 campo

171 716 395 758 pascentem
425 715 463 745 et
492 719 597 744 serae
628 707 749 744 solam
780 707 965 745 decedere
996 709 1111 754 nocti,

172 769 356 805 continuo
387 767 541 816 culpam
570 767 670 803 ferro
702 779 907 816 compesce
936 769 1158 817 priusquam

172 830 253 866 dira
281 839 349 877 per
377 828 569 864 incautum
601 834 754 876 serpant
784 828 961 876 contagia
990 828 1136 876 vulgus.

172 887 264 925 Non
295 896 371 925 tam
401 887 532 924 creber
562 898 682 935 agens
711 886 879 923 hiemem
907 888 980 924 ruit
1009 899 1175 936 aequore
1206 887 1330 931 turbo,
1501 899 1564 931 470

173 960 288 997 quam
318 947 459 983 multae
488 946 680 995 pecudum
711 954 846 995 pestes.
906 946 992 983 Nec
1022 946 1171 995 singula
1200 946 1323 983 morbi

173 1019 336 1056 corpora
365 1005 581 1054 corripiunt,
612 1005 679 1042 sed
710 1012 790 1042 tota
819 1006 962 1043 aestiva
991 1013 1159 1055 repente,

173 1078 358 1115 spemque
387 1076 623 1114 gregemque
653 1065 764 1102 simul
795 1073 1051 1114 cunctamque
1080 1067 1129 1102 ab
1160 1064 1308 1113 origine
1339 1070 1506 1112 gentem.

172 1125 276 1163 Tum
307 1125 413 1169 sciat,
443 1125 564 1160 ae'rias
594 1124 714 1172 Alpes
743 1131 780 1161 et
809 1123 954 1162 Norica
985 1125 1015 1162 si
1045 1125 1131 1173 quis

172 1184 326 1222 castella
355 1184 393 1220 in
423 1182 577 1219 tumulis
606 1190 642 1219 et
672 1183 827 1232 Iapydis
856 1196 943 1220 arva
972 1183 1124 1220 Timavi
1498 1195 1560 1227 475

172 1256 274 1281 nunc
304 1254 457 1291 quoque
486 1249 576 1291 post
605 1249 710 1279 tanto
741 1243 865 1279 videat
894 1242 1118 1290 desertaque
1148 1254 1267 1291 regna

172 1311 369 1353 pastorum
399 1310 436 1338 et
463 1301 579 1349 longe
610 1301 726 1338 saltus
757 1301 906 1350 lateque
936 1309 1128 1338 vacantes.

173 1363 250 1400 Hic
280 1361 476 1410 quondam
507 1361 644 1397 morbo
675 1361 768 1398 caeli
798 1361 1015 1398 miseranda
1044 1368 1176 1398 coorta
1205 1367 1261 1397 est

173 1429 380 1470 tempestas
410 1427 566 1468 totoque
597 1420 767 1456 autumni
798 1420 996 1457 incanduit
1025 1426 1144 1462 aestu,

174 1491 210 1520 et
238 1494 360 1531 genus
390 1493 508 1518 omne
539 1481 623 1517 neci
653 1480 846 1529 pecudum
877 1481 990 1526 dedit,
1022 1492 1137 1518 omne
1169 1479 1343 1525 serarum,
1501 1484 1565 1524 480

174 1542 417 1589 corrupitque
447 1540 563 1584 lacus,
594 1538 723 1576 infecit
752 1540 894 1588 pabula
923 1541 1023 1577 tabo.

174 1601 258 1639 Nec
288 1601 347 1637 via
375 1601 507 1636 mortis
537 1606 614 1637 erat
645 1600 818 1648 simplex,
849 1599 917 1637 sed
946 1600 1010 1636 ubi
1039 1600 1153 1647 ignea
1183 1599 1286 1636 venis

174 1661 354 1699 omnibus
383 1668 467 1697 acta
498 1660 576 1696 sitis
606 1660 767 1697 miseros
798 1659 1009 1697 adduxerat
1040 1668 1151 1703 artus,

174 1732 302 1759 rursus
332 1719 552 1756 abundabat
580 1718 718 1756 fluidus
747 1719 870 1769 liquor
899 1719 1107 1767 omniaque
1137 1719 1176 1755 in
1206 1730 1247 1755 se

174 1793 263 1819 ossa
291 1779 504 1816 minutatim
534 1779 670 1816 morbo
701 1779 870 1828 collapsa
899 1778 1082 1815 trahebat.
1502 1783 1563 1822 435

177 1841 300 1888 Saepe
329 1840 368 1875 in
397 1838 544 1875 honore
574 1839 689 1875 deum
718 1838 846 1876 medio
877 1845 980 1875 stans
1009 1838 1132 1874 hostia
1163 1837 1212 1875 ad
1241 1848 1359 1881 aram,

173 1902 283 1938 lanea
313 1899 403 1936 dum
433 1900 543 1936 nivea
571 1898 827 1935 circumdatur
856 1897 973 1935 infula
1002 1898 1103 1943 vitta,

174 1962 270 1997 inter
299 1965 523 1996 cunctantes
553 1957 688 1994 cecidit
717 1957 949 1994 moribunda
977 1957 1184 1994 ministros.

174 2021 251 2056 Aut
280 2019 310 2056 si
340 2031 456 2067 quam
487 2017 583 2054 ferro
612 2024 842 2054 mactaverat
871 2024 958 2054 ante
994 2016 1185 2070 sacerdos?

174 2079 263 2116 inde
293 2090 417 2126 neque
446 2077 633 2126 impositis
663 2077 795 2114 ardent
827 2077 956 2113 altaria
985 2076 1100 2122 fibris,
1502 2090 1566 2121 490

175 2152 246 2176 nec
275 2149 461 2186 responsa
491 2144 618 2186 potest
648 2136 844 2174 consultus
873 2135 1032 2173 reddere
1061 2142 1178 2181 vates,

176 2211 220 2236 ac
250 2198 309 2234 vix
341 2197 529 2246 suppositi
559 2197 755 2244 tinguntur
783 2196 966 2244 sanguine
996 2194 1103 2232 cultri

176 2269 402 2306 summaque
432 2257 558 2293 ieiuna
589 2256 693 2293 sanie
722 2255 931 2292 infuscatur
960 2254 1111 2291 harena.

176 2317 281 2354 Hinc
310 2317 415 2354 laetis
444 2316 547 2352 vituli
577 2316 690 2364 vulgo
721 2315 934 2352 moriuntur
963 2314 1002 2350 in
1031 2313 1171 2364 herbis,

177 2384 214 2414 et
243 2376 373 2413 dulces
402 2376 548 2412 animas
577 2375 692 2423 plena
721 2374 771 2411 ad
800 2374 1000 2423 praesepia
1027 2372 1212 2409 reddunt:
1500 2385 1561 2417 495

177 2436 266 2472 hinc
295 2435 452 2472 canibus
481 2434 631 2471 blandis
660 2434 783 2471 rabies
812 2433 925 2478 venit,
953 2440 989 2469 et
1019 2432 1139 2482 quatit
1169 2442 1305 2479 aegros
