1669 2737
543 62 712 97 LIBER
750 63 811 99 VI.
845 56 1054 111 848-901.

113 170 296 208 munere.’
355 169 417 208 Sic
446 177 526 209 tota
553 172 701 220 passim
729 172 888 220 regione
917 178 1103 220 vagantur

113 230 209 266 aeris
238 230 277 266 in
306 230 452 278 campis
481 230 563 267 latis
591 237 705 279 atque
735 230 866 266 omnia
895 230 1064 267 lustrant.

114 287 224 334 Quae
252 295 458 338 postquam
486 288 675 326 Anchises
704 297 836 326 natum
864 301 931 338 per
960 290 1107 338 singula
1137 290 1244 327 duxit

112 346 356 396 incenditque
385 349 555 385 animum
584 348 708 385 famae
737 349 921 385 venientis
950 361 1092 393 amore,

113 407 201 443 exin
229 407 328 444 bella
355 407 434 444 viro
463 414 650 445 memorat
678 420 775 456 quae
805 407 942 444 deinde
971 408 1141 457 gerenda

113 464 398 514 Laurentesque
427 466 539 504 docet
567 466 732 515 populos
761 466 972 515 urbemque
1003 466 1127 503 Latini

113 530 150 561 et
178 536 255 573 quo
285 537 477 575 quemque
505 525 624 562 modo
652 525 846 574 fugiatque
876 525 1046 574 feratque
1076 526 1256 563 laborem.

169 585 264 622 Sunt
291 587 466 635 geminae
495 585 629 623 Somni
659 593 811 634 portae;
853 598 1013 635 quarum
1043 587 1158 623 altera
1189 587 1303 623 fertur

113 656 265 690 cornea,
296 657 371 694 qua
399 645 494 682 veris
524 644 643 681 facilis
673 644 782 681 datur
811 645 934 682 exitus
964 646 1120 690 umbris,

113 703 227 741 altera
256 704 434 741 candenti
463 703 630 753 perfecta
659 704 786 741 nitens
816 704 1034 752 elephanto,

113 762 183 800 sed
211 763 306 800 salsa
334 763 382 800 ad
413 763 558 801 caelum
587 764 740 799 mittunt
769 763 964 799 insomnia
994 763 1140 800 Manes.

114 821 188 859 His
217 823 268 859 ibi
297 830 378 859 tum
407 830 540 859 natum
569 822 757 859 Anchises
785 834 938 871 unaque
969 821 1150 871 Sibyllam

113 883 354 931 prosequitur
382 881 490 919 dictis
519 886 703 930 portaque
733 881 867 917 emittit
896 881 1064 917 eburna:

114 941 173 977 ille
201 941 300 977 viam
329 947 433 978 secat
461 939 510 977 ad
537 952 652 977 naves
682 941 883 989 sociosque
913 941 1058 986 revisit;

114 1007 196 1037 tum
225 1011 265 1037 se
295 1000 345 1037 ad
373 999 527 1037 Caietae
555 1007 659 1036 recto
689 999 757 1036 fert
786 999 893 1036 litore
922 1006 1088 1047 portum.

113 1061 269 1098 Ancora
297 1059 344 1097 de
372 1071 487 1108 prora
515 1059 669 1105 iacitur;
710 1065 810 1096 stant
838 1058 947 1096 litore
976 1070 1136 1108 puppes.

170 2510 256 2537 voL.
276 2510 299 2535 1.
804 2510 825 2535 Ρ

1417 71 1497 111 209

1433 1015 1496 1048 900
