1669 2737
573 80 741 114 LIBER
770 80 803 116 J.
837 85 1047 127 220—297.

117 187 282 231 moenia,
311 186 589 237 sublimemque
618 187 715 225 feres
745 185 794 224 ad
823 186 946 224 sidera
976 185 1070 223 caeli

117 247 407 296 magnanimum
437 248 627 292 Aenean3
664 258 788 294 neque
818 258 880 282 me
911 247 1098 283 sententia
1128 246 1248 282 vertit.

118 307 196 344 Hic
224 306 292 343 tibi
321 306 444 356 (fabor
471 306 586 350 enim,
616 306 771 354 quando
800 305 895 342 haec
924 312 960 342 te
990 317 1081 342 cura
1110 304 1315 349 remordet,

117 365 270 414 longius
298 372 335 402 et
363 365 517 402 volvens
546 364 709 402 fatorum
741 376 879 401 arcana
907 363 1092 412 movebo)

117 425 258 462 bellum
287 425 424 473 ingens
453 430 559 473 geret
587 424 695 461 Italia
724 424 968 472 populosque
998 423 1145 460 feroces

117 484 338 529 contundet,
367 495 569 533 moresque
597 484 683 520 viris
713 491 751 520 et
778 484 933 520 moenia
961 490 1092 532 ponet,

116 543 225 580 tertia
254 543 345 579 dum
373 542 484 579 Latio
512 549 737 591 regnantem
766 542 899 579 viderit
928 549 1052 579 aestas

117 609 299 651 ternaque
327 602 542 639 transierint
571 601 722 638 Rutulis
751 601 909 638 hiberna
940 602 1118 638 subactis.

117 662 169 698 At
197 673 292 710 puer
318 661 518 706 Ascanius,
548 661 607 698 cui
637 673 740 697 nunc
770 672 992 709 cognomen
1023 660 1106 696 Iulo

117 720 266 757 additur
294 719 387 771 (Ilus
416 727 505 764 erat,
536 720 628 757 dum
657 731 718 756 res
749 720 848 756 stetit
878 719 947 755 Ilia
980 717 1130 768 regno),

116 781 269 829 triginta
297 791 462 828 magnos
490 779 688 816 volvendis
717 779 915 815 mensibus
945 779 1058 816 orbes

116 840 278 887 imperio
306 839 483 888 explebit,
514 850 753 887 regnumque
783 839 831 874 ab
860 837 949 874 sede
980 836 1113 872 Lavini

118 897 328 945 transferet,
358 904 394 935 et
421 898 579 947 longam
608 898 727 934 multa
756 898 790 933 vi
820 897 964 933 muniet
995 896 1147 933 Albam.

118 956 196 994 Hic
223 958 298 994 iarn
327 964 384 995 ter
410 964 564 994 centum
592 963 694 994 totos
722 956 942 1005 regnabitur
970 967 1094 991 annos

117 1023 231 1065 gente
262 1017 332 1054 sub
362 1016 566 1060 Hectorea,
598 1016 723 1053 donec
752 1016 883 1063 regina
913 1015 1092 1051 sacerdos

118 1076 243 1113 Marte
272 1076 396 1125 gravis
425 1075 619 1124 geminam
647 1082 756 1124 partu
787 1075 889 1111 dabit
920 1074 988 1110 Ilia
1017 1073 1176 1122 prolem.

118 1135 213 1173 Inde
243 1135 356 1184 lupae
386 1134 488 1171 fulvo
518 1135 673 1172 nutricis
703 1135 871 1183 tegmine
900 1134 1020 1187 laetus

118 1195 308 1232 Romulus
337 1195 501 1243 excipiet
529 1200 697 1243 gentem,
727 1202 764 1230 et
794 1193 981 1230 Mavortia
1010 1191 1153 1229 condet

117 1255 272 1292 moenia
301 1255 579 1302 Romanosque
609 1265 678 1290 suo
709 1253 755 1290 de
786 1253 942 1290 nomine
971 1252 1080 1289 dicet.

119 1314 194 1352 His
222 1326 296 1363 ego
325 1326 397 1351 nec
425 1320 546 1350 metas
574 1324 699 1349 rerum
730 1325 801 1349 nec
830 1319 1004 1360 tempora
1033 1322 1151 1360 pono,

118 1375 320 1424 imperium
349 1373 430 1410 sine
460 1372 534 1409 fine
565 1371 662 1409 dedi.
720 1371 825 1416 Quin
855 1383 989 1419 aspera
1019 1370 1129 1409 Iuno.

119 1446 217 1483 quae
246 1446 349 1471 mare
379 1445 482 1469 nunc
511 1439 705 1480 terrasque
733 1438 838 1467 metu
868 1431 1092 1478 caelumque
1121 1429 1264 1478 fatigat,

118 1494 278 1532 consilia
304 1494 344 1530 in
372 1492 506 1529 melius
535 1492 682 1536 reseret,
712 1502 944 1539 mecumque
973 1490 1114 1527 fovebit

120 1554 335 1598 Romanos,
365 1563 491 1589 rerum
520 1550 712 1595 dominos,
743 1557 975 1598 gentemque
1005 1556 1186 1597 togatam.

121 1613 183 1651 Sic
210 1613 403 1663 placitum.
461 1610 601 1647 Veniet
628 1610 754 1647 lustris
783 1610 998 1646 labentibus
1029 1616 1145 1651 aem,

121 1685 208 1710 cum
238 1673 378 1710 domus
406 1670 585 1708 Assaraci
615 1669 791 1706 Phthiam
822 1668 1018 1717 clarasque
1049 1667 1237 1716 Mycenas

121 1732 271 1770 servitio
299 1737 447 1780 premet
476 1742 521 1766 ac
549 1730 655 1766 victis
685 1728 942 1766 dominabitur
974 1728 1098 1775 Argis.

122 1791 311 1829 Nascetur
338 1789 497 1839 pulchra
525 1788 720 1826 Troianus
749 1788 897 1835 origine
926 1786 1081 1830 Caesar,

121 1850 324 1899 imperium
353 1848 527 1892 Oceano,
557 1847 699 1883 famam
728 1847 793 1895 qui
822 1846 998 1882 terminet
1027 1845 1145 1890 astris,

122 1910 249 1954 Iulius,
279 1920 302 1946 a
329 1919 475 1956 magno
504 1907 712 1944 demissum
742 1918 886 1942 nomen
917 1905 1012 1942 Iulo.

123 1969 243 2006 Hunc
270 1974 311 2005 tu
340 1967 430 2004 olim
460 1965 578 2011 caelo,
610 1965 741 2015 spoliis
772 1965 939 2002 Orientis
969 1970 1162 2006 onustum,

123 2029 288 2078 accipies
316 2038 478 2070 secura;
516 2025 714 2063 vocabitur
742 2024 803 2062 hie
832 2036 987 2073 quoque
1016 2024 1126 2060 votis.

123 2089 272 2137 Aspera
299 2093 381 2123 tum
410 2085 543 2134 positis
571 2085 772 2121 mitescent
801 2083 952 2120 saecula
981 2082 1113 2126 bellis;

124 2159 220 2185 cana
248 2145 361 2183 Fides
389 2152 426 2182 et
455 2144 584 2189 Vesta,
615 2143 742 2180 Remo
772 2154 861 2180 cum
890 2142 1000 2178 fratre
1032 2140 1217 2186 Quirinus

123 2208 205 2244 iura
234 2205 403 2249 dabunt;
447 2203 550 2240 dirae
579 2203 678 2240 ferro
708 2208 745 2239 et
774 2201 1028 2250 compagibus
1059 2201 1146 2236 artis

125 2265 347 2303 claudentur
375 2262 469 2300 Belli
498 2268 655 2310 portae;
695 2261 816 2298 Furor
845 2260 984 2308 impius
1014 2260 1116 2296 intus

127 2337 239 2362 saeva
266 2323 402 2361 sedens
431 2333 546 2370 super
571 2333 677 2358 arma
706 2327 742 2356 et
771 2325 926 2356 centum
956 2319 1102 2355 vinctus
1133 2318 1239 2355 aenis

125 2390 214 2435 post
243 2389 390 2431 tergum
420 2381 532 2418 nodis
562 2380 696 2416 fremet
726 2378 899 2415 horridus
929 2388 994 2413 ore
1025 2378 1205 2413 cruent0.’

179 2442 291 2481 Haec
319 2441 380 2486 ait,
410 2447 447 2477 et
476 2438 583 2477 Maia
611 2438 785 2489 genitum
815 2436 977 2474 demittit
1006 2436 1055 2473 ab
1084 2435 1172 2481 alto,

1458 85 1506 125 91

1451 249 1512 279 260

1452 545 1510 584 205

1451 847 1512 879 270

1452 1145 1467 1166 Ι.)

1476 1144 1510 1177 75

1457 2036 1518 2070 290
