1669 2737
568 97 737 133 LIBER
772 97 812 134 V.
846 90 870 130 6
874 98 984 145 53-7
990 102 1058 145 30.

123 207 153 244 si
182 218 342 252 mereor,
371 206 525 244 demitte
555 213 696 254 tuaque
725 205 786 242 hic
815 205 934 242 obrue
963 203 1120 241 dextra?

122 265 199 302 Vix
226 265 321 303 haec
349 265 529 311 ediderat,
559 277 647 303 cum
676 265 804 301 effusis
833 264 1017 300 imbribus
1047 269 1127 299 atra

123 316 329 373 tempestas
358 325 440 362 sine
468 337 575 362 more
604 325 700 369 furit,
731 324 948 372 tonitruque
979 328 1212 359 tremescunt

123 383 240 420 ardua
266 391 447 420 terrarum
475 390 513 421 et
542 384 688 432 campi:
729 382 801 420 ruit
830 382 982 419 aethere
1012 388 1094 418 toto

122 442 293 479 turbidus
321 443 442 480 imber
471 455 571 492 aqua
600 442 804 491 densisque
833 441 1059 489 nigerrimus
1088 440 1251 485 Austris,

122 500 401 550 implenturque
431 514 544 550 super
571 514 733 551 puppes,
764 501 945 538 semiusta
975 500 1202 537 madescunt

121 560 270 605 robora,
299 561 498 598 restinctus
527 561 651 598 donec
680 572 800 609 vapor
828 559 955 596 omnis
985 564 1022 596 et
1051 569 1189 595 omnes

123 626 300 668 quattuor
330 620 476 657 amissis
505 627 673 657 servatae
703 631 726 656 a
754 625 861 668 peste
891 619 1054 656 carinae.

175 679 229 715 At
256 685 362 727 pater
390 680 554 724 Aeneas,
585 691 675 716 casu
704 689 915 716 concussus
946 677 1096 722 acerbo,

121 749 224 775 nunc
252 737 327 775 huc
357 738 542 787 ingentes,
572 751 674 776 nunc
703 738 789 775 illuc
818 743 973 786 pectore
1004 747 1112 773 curas

121 797 293 834 mutabat
319 809 484 842 versans,
515 797 699 835 Siculisne
728 797 908 834 resideret
938 796 1035 832 arvis

121 856 260 893 oblitus
290 856 463 902 fatorum,
495 856 659 894 Italasne
689 862 906 905 capesseret
935 867 1033 892 oras.

125 913 227 952 Tum
256 917 384 953 senior
413 916 569 962 Nautes,
598 928 719 954 unum
749 915 924 952 Tritonia
953 914 1077 951 Pallas

121 986 237 1023 quem
266 974 396 1012 docuit
424 976 617 1025 multaque
647 976 839 1024 insignem
868 974 1030 1011 reddidit
1059 980 1138 1011 arte

122 1034 234 1084 (haec
263 1047 450 1083 responsa
479 1035 595 1073 dabat
624 1035 682 1072 vel
712 1047 809 1084 quae
839 1033 1086 1083 portenderet
1116 1033 1169 1070 ira

121 1106 263 1143 magna
291 1094 406 1131 deum
434 1095 492 1132 vel
521 1107 618 1145 quae
648 1094 811 1132 fatorum
840 1100 1017 1142 posceret
1047 1091 1172 1142 ordo),

121 1154 228 1203 isque
256 1154 314 1192 his
343 1155 506 1192 Aenean
536 1155 677 1192 solatus
706 1154 863 1190 vocibus
893 1152 997 1189 infit:

124 1212 248 1251 ‘Nate
279 1214 361 1259 dea,
392 1225 470 1263 quo
500 1213 577 1250 fata
607 1214 760 1250 trahunt
788 1212 1058 1260 retrahuntque
1089 1222 1316 1260 sequamur;

122 1273 306 1322 quidquid
336 1273 414 1318 erit,
446 1272 662 1322 superanda
690 1272 816 1309 omnis
848 1271 999 1308 fortuna
1028 1270 1186 1307 ferendo
1215 1279 1283 1307 est.

121 1332 191 1369 Est
219 1332 286 1369 tibi
314 1331 532 1369 Dardanius
563 1332 710 1369 divinae
740 1331 865 1379 stirpis
895 1331 1065 1367 Acestes.

123 1392 241 1429 Hunc
270 1404 364 1440 cape
394 1391 562 1429 consiliis
592 1392 740 1428 socium
770 1397 807 1427 et
836 1390 1029 1438 coniunge
1058 1390 1261 1434 volentem,

121 1451 210 1489 huic
238 1451 344 1489 trade
373 1452 521 1489 amissis
551 1458 733 1499 superant
762 1450 826 1499 qui
855 1449 1015 1486 navibus
1045 1456 1081 1486 et
1111 1460 1210 1498 quos

122 1520 338 1561 pertaesum
366 1511 497 1561 magni
526 1512 668 1559 incepti
697 1522 899 1559 rerumque
929 1517 1080 1546 tuarum
1109 1516 1176 1554 est,

122 1571 409 1620 longaevosque
439 1583 551 1608 senes
580 1583 625 1607 ae
655 1569 774 1607 fessas
805 1581 971 1617 aequore
1000 1575 1142 1605 matres

123 1637 160 1668 et
188 1629 373 1679 quidquid
401 1637 530 1667 tecum
558 1628 766 1666 invalidum
795 1636 1048 1676 metuensque
1077 1626 1207 1676 pericli
1236 1633 1294 1664 est

123 1689 257 1739 delige,
287 1695 324 1726 et
351 1688 410 1725 his
438 1688 605 1726 habeant
634 1688 740 1726 tern‘s
769 1688 851 1725 sine
880 1687 1035 1723 moenia
1064 1686 1174 1723 fessi:

123 1750 258 1786 urbem
287 1747 533 1797 appellabunt
561 1748 750 1797 permisso
781 1746 939 1784 nomine
970 1744 1176 1783 Acestam!

177 1807 338 1858 Talibus
366 1807 548 1844 incensus
578 1806 686 1844 dictis
716 1806 875 1843 senioris
905 1806 1018 1842 amici

123 1874 205 1905 tum
233 1879 322 1904 vero
351 1867 391 1904 in
420 1878 529 1904 curas
558 1867 688 1904 animo
718 1865 905 1903 diducitur
935 1876 1083 1902 omnes.

124 1927 174 1964 Et
202 1926 294 1964 Nox
323 1933 402 1964 atra
428 1927 562 1976 polum
590 1926 688 1974 bigis
719 1926 900 1963 subvecta
928 1925 1094 1962 tenebat.

124 1986 222 2024 Visa
249 1986 386 2023 dehinc
416 1986 523 2023 caelo
554 1985 670 2024 facies
701 1985 857 2034 delapsa
886 1983 1052 2033 parentis

127 2045 319 2083 Anchisae
348 2045 473 2082 subito
503 2045 597 2082 tales
628 2044 826 2081 effundere
855 2055 997 2080 voces:

124 2106 133 2120 ‘
150 2104 264 2149 Nate,
293 2104 387 2141 mihi
413 2105 488 2141 vita
517 2103 728 2153 quondam,
759 2103 851 2140 dum
880 2103 956 2139 vita
983 2102 1178 2148 manebat,

127 2177 214 2202 care
242 2164 377 2212 magis,
406 2170 507 2210 nate,
536 2163 662 2200 Iliacis
691 2163 854 2200 exercite
885 2161 981 2208 fatis,

126 2224 286 2273 imperio
316 2223 418 2261 Iovis
446 2222 521 2261 huc
549 2223 674 2268 venio,
706 2222 770 2271 qui
801 2222 984 2258 classibus
1013 2221 1146 2270 ignem

128 2283 281 2333 depulit,
311 2289 349 2320 et
377 2282 484 2320 caelo
512 2282 669 2320 tandem
697 2282 898 2318 miseratus
927 2281 975 2318 ab
1005 2280 1081 2318 alto
1112 2286 1179 2318 est.

128 2343 307 2382 Consiliis
335 2355 435 2392 pare,
465 2354 563 2391 quae
592 2353 695 2379 nunc
725 2340 979 2390 pulcherrima
1008 2339 1158 2378 Nautes

129 2404 194 2442 dat
222 2403 373 2441 senior:
413 2402 532 2439 lectos
561 2402 728 2444 iuvenes,
759 2400 968 2437 fortissima
999 2400 1127 2445 corda,

129 2463 233 2501 defer
260 2463 299 2500 in
328 2461 487 2499 Italiam.
546 2459 654 2499 Gens
684 2459 777 2497 dura
806 2466 920 2509 atque
950 2471 1083 2508 aspera
1111 2458 1214 2497 cultu

1432 83 1505 126 181

1449 688 1512 721 700

1451 987 1466 995 .-

1452 987 1509 1018 105
