1669 2737
591 92 757 127 LIBER
785 91 841 128 II.
872 85 1082 140 38o-457.

143 212 327 250 spumeus
356 206 471 249 atque
499 200 578 238 imo
608 199 759 237 Nereus
789 200 862 236 ciet
891 211 1058 248 aequora
1085 199 1216 237 fundo.

142 260 202 297 Illi
231 260 356 304 etiam,
386 259 417 295 si
445 270 544 307 quos
575 260 740 297 obscura
769 265 883 296 nocte
912 270 982 307 per
1009 259 1184 295 umbram

142 319 310 356 fudimus
338 318 484 356 insidiis
512 326 668 368 totaque
698 318 924 367 agitavimus
953 319 1055 363 urbe,

143 384 352 427 apparent;
391 376 532 414 Priami
562 378 706 426 clipeos
735 377 969 426 mentitaque
997 377 1071 414 tela

143 443 360 485 agnoscunt
387 442 502 485 atque
531 447 599 473 ora
628 447 728 474 sono
759 435 950 473 discordia
980 437 1143 485 signant.

144 495 251 533 Ilicet
279 495 476 532 obruimur
503 507 665 533 numero
680 508 689 542 3
730 496 952 546 primusque
981 496 1182 534 Coroebus

144 554 297 592 Penelei
327 555 461 592 dextra
489 555 598 592 divae
626 555 888 604 armipotentis
917 556 966 592 ad
994 568 1099 592 aram

143 613 382 662 procumbit3
420 614 520 651 cadit
549 621 586 651 et
614 613 801 663 Rhipeus,
831 614 1057 652 iustissimus
1086 627 1187 652 unus

144 673 210 721 qui
237 673 309 709 fuit
336 673 375 710 in
405 672 566 710 Teucris
595 680 633 710 et
661 674 966 710 servantissimus
994 675 1127 722 aequi3

146 731 220 781 (dis
249 731 354 769 aliter
382 731 543 782 visum);
583 739 744 782 pereunt
772 732 1026 782 Hypanisque
1055 733 1278 782 Dymasque

145 790 287 828 confixi
316 803 339 828 a
367 792 480 828 sociis
493 804 506 838 3
546 803 618 829 nec
648 799 685 828 te
714 798 779 828 tua
806 792 980 840 plurima,
1010 792 1170 837 Panthu,

144 849 337 887 labentem
364 851 486 900 pietas
514 863 586 889 nec
614 851 804 900 Apollinis
833 851 949 888 infula
977 853 1079 889 texit.

145 909 252 947 Iliaci
279 910 426 947 cineres
455 917 493 947 et
520 910 677 947 flamma
705 918 874 947 extrema
902 923 1087 957 meorum,

145 975 272 1015 testor,
303 969 342 1006 in
371 981 513 1007 occasu
540 976 666 1006 vestro
695 982 767 1007 nec
796 970 870 1006 tela
899 983 969 1007 nec
999 971 1093 1008 ullas

146 1027 320 1064 vitavisse
350 1028 464 1073 vices,
493 1027 674 1065 Danaum
704 1035 752 1074 et,
782 1028 812 1065 si
842 1028 917 1065 fata
947 1029 1106 1067 fuissent

145 1094 187 1124 ut
215 1086 404 1131 caderem,
433 1087 616 1124 meruisse
645 1099 774 1124 manu.
829 1087 1052 1125 Divellimur
1079 1089 1168 1126 inde

145 1145 295 1195 Iphitus
323 1153 360 1183 et
389 1145 513 1183 Pelias
541 1158 694 1183 mecum
722 1144 901 1196 (quorum
931 1145 1078 1194 Iphitus
1109 1158 1203 1183 aevo

144 1206 221 1242 iam
250 1205 408 1253 gravior,
439 1204 564 1242 Pelias
592 1212 628 1242 et
656 1205 810 1243 vulnere
839 1206 969 1243 tardus
999 1205 1130 1258 Ulixi),

146 1265 319 1313 protinus
348 1265 397 1302 ad
424 1266 534 1303 sedes
563 1264 700 1302 Priami
731 1266 897 1303 clamore
926 1268 1060 1304 vocati.

147 1323 225 1361 Hic
254 1336 345 1361 vero
373 1324 568 1372 ingentem
596 1336 778 1374 pugnam,
808 1337 878 1362 ceu
908 1323 1031 1362 cetera
1060 1338 1251 1375 nusquam

147 1383 246 1420 bella
274 1383 407 1428 forent,
437 1384 528 1420 nulli
556 1391 636 1421 tota
664 1391 901 1422 morerentur
929 1385 968 1422 in
996 1386 1100 1430 urbe,

147 1443 201 1479 sic
229 1441 394 1479 Martem
422 1443 650 1480 indomitum
679 1443 913 1492 Danaosque
943 1442 1119 1481 adtecta
1147 1452 1299 1481 ruentes

147 1502 338 1539 cernimus
366 1503 642 1551 obsessumque
671 1510 755 1540 acta
782 1504 971 1540 testudine
999 1503 1125 1541 limen.

147 1560 321 1599 Haerent
348 1563 553 1612 parietibus
583 1562 717 1608 scalae,
747 1570 956 1612 postesque
986 1564 1057 1600 sub
1086 1565 1191 1613 ipsos

146 1621 315 1657 nituntur
341 1621 532 1670 gradibus,
563 1621 784 1670 clipeosque
814 1622 863 1659 ad
890 1623 964 1659 tela
993 1623 1150 1660 sinistris

146 1679 308 1728 protecti
336 1680 531 1726 obiiciunt,
560 1688 744 1729 prensant
773 1680 922 1730 fastigia
951 1681 1100 1718 dextris.

146 1737 391 1776 Dardanidae
420 1746 554 1776 contra
581 1746 700 1777 turres
728 1752 774 1777 ac
803 1747 902 1777 tecta
931 1740 1135 1777 domorum

148 1797 316 1835 culmina
344 1798 585 1836 convellunt:
629 1798 704 1843 (his
733 1811 785 1844 se,
815 1799 971 1848 quando
1000 1799 1131 1836 ultima
1160 1807 1330 1845 cernunt,

147 1864 318 1895 extrema
345 1858 422 1894 iam
450 1858 490 1894 in
518 1865 641 1895 morte
669 1865 807 1907 parant
837 1858 1039 1896 defendere
1069 1857 1181 1907 telis,)

147 1924 373 1967 auratasque
401 1918 538 1963 trabes,
567 1926 738 1956 veterum
768 1918 908 1956 decora
936 1919 999 1955 illa
1026 1928 1238 1967 parentum,

147 1976 353 2014 devolvunt
363 1989 374 2023 ;
417 1977 478 2014 alii
508 1977 644 2015 strictis
673 1978 921 2015 mucronibus
949 1978 1046 2015 imas

148 2035 335 2073 obsedere
362 2034 474 2082 fores,
504 2035 573 2073 has
604 2044 755 2074 servant
784 2036 938 2085 agmine
967 2036 1097 2073 denso.

148 2093 350 2132 Instaurati
378 2095 494 2131 animi
522 2096 623 2144 regis
653 2108 873 2133 succurrere
903 2096 1010 2132 tectis

149 2153 366 2202 auxilioque
393 2153 516 2190 levare
544 2154 644 2191 viros
672 2155 827 2203 vimque
856 2153 997 2191 addere
1025 2154 1142 2191 victis.

204 2213 364 2250 ‘Limen
392 2221 469 2250 erat
497 2226 711 2263 caecaeque
741 2214 841 2252 fores
872 2222 908 2251 et
937 2215 1086 2262 pervius
1114 2226 1206 2252 usus

148 2280 337 2311 tectorum
364 2273 461 2309 inter
489 2285 530 2310 se
559 2272 709 2318 Priami,
739 2281 946 2322 postesque
974 2273 1088 2310 relicti

149 2344 173 2369 a
200 2338 320 2380 tergo,
349 2331 479 2368 infelix
509 2343 584 2380 qua
612 2344 664 2377 se,
694 2331 787 2368 dum
815 2344 933 2379 regna
960 2333 1180 2378 manebant,

150 2391 300 2439 saepius
328 2389 599 2428 Andromache
629 2390 723 2427 ferre
752 2390 973 2427 incomitata
1002 2390 1146 2428 solebat

151 2449 200 2487 ad
229 2460 383 2486 soceros
412 2455 448 2486 et
476 2460 547 2485 avo
575 2460 736 2497 puerum
765 2449 997 2497 Astyanacta
1024 2449 1206 2487 trahebat.

804 2532 818 2557 1
849 2532 867 2556 2

1454 99 1532 141 115

1470 274 1533 303 4²0

1469 868 1533 897 450

1469 1163 1530 1193 435

1469 1460 1531 1491 440

1470 1756 1532 1787 445

1470 2052 1536 2083 450

1471 2348 1531 2380 455
