<?xml version="1.0" encoding="UTF-8"?>
<!DOCTYPE html PUBLIC "-//W3C//DTD XHTML 1.0 Transitional//EN"
    "http://www.w3.org/TR/xhtml1/DTD/xhtml1-transitional.dtd">
<html xmlns="http://www.w3.org/1999/xhtml" xml:lang="en" lang="en">
 <head>
  <title>
</title>
<meta http-equiv="Content-Type" content="text/html;charset=utf-8" />
  <meta name='ocr-system' content='tesseract 3.04.00' />
  <meta name='ocr-capabilities' content='ocr_page ocr_carea ocr_par ocr_line ocrx_word'/>
</head>
<body>
  <div class='ocr_page' id='page_1' title='image "./operavirgilwithi01virguoft_0396.png"; bbox 0 0 1669 2737; ppageno 0'>
   <div class='ocr_carea' id='block_1_1' title="bbox 127 54 923 109">
    <p class='ocr_par' dir='ltr' id='par_1_1' title="bbox 127 54 923 109">
     <span class='ocr_line' id='line_1_1' title="bbox 127 54 923 109; baseline 0 -12"><span class='ocrx_word' id='word_1_1' title='bbox 127 54 207 109; x_wconf 83' lang='lat'><strong>328</strong></span> <span class='ocrx_word' id='word_1_2' title='bbox 698 63 923 98; x_wconf 77' lang='lat' dir='ltr'><em>AENEJS.</em></span> 
     </span>
    </p>
   </div>
   <div class='ocr_carea' id='block_1_2' title="bbox 119 169 1374 2471">
    <p class='ocr_par' dir='ltr' id='par_1_2' title="bbox 125 169 1195 268">
     <span class='ocr_line' id='line_1_2' title="bbox 127 169 1195 221; baseline 0.004 -16"><span class='ocrx_word' id='word_1_3' title='bbox 127 169 314 219; x_wconf 81' lang='lat' dir='ltr'>corripite,</span> <span class='ocrx_word' id='word_1_4' title='bbox 344 182 368 208; x_wconf 95' lang='lat'>0</span> <span class='ocrx_word' id='word_1_5' title='bbox 396 170 534 217; x_wconf 67' lang='lat' dir='ltr'><strong>miseri,</strong></span> <span class='ocrx_word' id='word_1_6' title='bbox 564 183 661 221; x_wconf 90' lang='lat' dir='ltr'><strong>quos</strong></span> <span class='ocrx_word' id='word_1_7' title='bbox 690 171 889 220; x_wconf 87' lang='lat' dir='ltr'><strong>improbus</strong></span> <span class='ocrx_word' id='word_1_8' title='bbox 919 170 1066 209; x_wconf 90' lang='lat' dir='ltr'><strong>advena</strong></span> <span class='ocrx_word' id='word_1_9' title='bbox 1093 171 1195 209; x_wconf 92' lang='lat' dir='ltr'><strong>bello</strong></span> 
     </span>
     <span class='ocr_line' id='line_1_3' title="bbox 125 229 1025 268; baseline 0.003 -3"><span class='ocrx_word' id='word_1_10' title='bbox 125 229 268 267; x_wconf 86' lang='lat' dir='ltr'><strong>territat</strong></span> <span class='ocrx_word' id='word_1_11' title='bbox 296 230 478 268; x_wconf 86' lang='lat' dir='ltr'><strong>invalidas</strong></span> <span class='ocrx_word' id='word_1_12' title='bbox 507 237 547 268; x_wconf 90' lang='lat' dir='ltr'><strong>ut</strong></span> <span class='ocrx_word' id='word_1_13' title='bbox 577 243 664 268; x_wconf 87' lang='lat' dir='ltr'><strong>aves</strong></span> <span class='ocrx_word' id='word_1_14' title='bbox 698 237 735 268; x_wconf 91' lang='lat' dir='ltr'><strong>et</strong></span> <span class='ocrx_word' id='word_1_15' title='bbox 763 231 872 268; x_wconf 90' lang='lat' dir='ltr'><strong>litora</strong></span> <span class='ocrx_word' id='word_1_16' title='bbox 901 237 1025 268; x_wconf 90' lang='lat' dir='ltr'><strong>vestra</strong></span> 
     </span>
    </p>

    <p class='ocr_par' dir='ltr' id='par_1_3' title="bbox 125 287 1239 386">
     <span class='ocr_line' id='line_1_4' title="bbox 125 287 1239 339; baseline 0.002 -15"><span class='ocrx_word' id='word_1_17' title='bbox 125 287 161 324; x_wconf 89' lang='lat' dir='ltr'><strong>vi</strong></span> <span class='ocrx_word' id='word_1_18' title='bbox 188 289 368 337; x_wconf 87' lang='lat' dir='ltr'><strong>populat:</strong></span> <span class='ocrx_word' id='word_1_19' title='bbox 409 296 511 338; x_wconf 91' lang='lat' dir='ltr'><strong>petet</strong></span> <span class='ocrx_word' id='word_1_20' title='bbox 539 290 599 327; x_wconf 93' lang='lat' dir='ltr'><strong>ille</strong></span> <span class='ocrx_word' id='word_1_21' title='bbox 628 290 759 339; x_wconf 89' lang='lat' dir='ltr'><strong>fugam</strong></span> <span class='ocrx_word' id='word_1_22' title='bbox 789 290 1017 339; x_wconf 84' lang='lat' dir='ltr'>penitusque</span> <span class='ocrx_word' id='word_1_23' title='bbox 1047 289 1239 338; x_wconf 90' lang='lat' dir='ltr'><strong>profundo</strong></span> 
     </span>
     <span class='ocr_line' id='line_1_5' title="bbox 125 347 1071 386; baseline 0.003 -3"><span class='ocrx_word' id='word_1_24' title='bbox 125 347 207 384; x_wconf 90' lang='lat' dir='ltr'><strong>vela</strong></span> <span class='ocrx_word' id='word_1_25' title='bbox 235 347 348 384; x_wconf 86' lang='lat' dir='ltr'><strong>dabit.</strong></span> <span class='ocrx_word' id='word_1_26' title='bbox 407 348 490 386; x_wconf 86' lang='lat' dir='ltr'><strong>Vos</strong></span> <span class='ocrx_word' id='word_1_27' title='bbox 518 349 686 386; x_wconf 87' lang='lat' dir='ltr'><strong>unanimi</strong></span> <span class='ocrx_word' id='word_1_28' title='bbox 716 349 873 386; x_wconf 89' lang='lat' dir='ltr'><strong>densete</strong></span> <span class='ocrx_word' id='word_1_29' title='bbox 902 355 1071 386; x_wconf 88' lang='lat' dir='ltr'><strong>catervas</strong></span> 
     </span>
    </p>

    <p class='ocr_par' dir='ltr' id='par_1_4' title="bbox 125 407 1043 458">
     <span class='ocr_line' id='line_1_6' title="bbox 125 407 1043 458; baseline 0.001 -15"><span class='ocrx_word' id='word_1_30' title='bbox 125 413 162 443; x_wconf 92' lang='lat' dir='ltr'><strong>et</strong></span> <span class='ocrx_word' id='word_1_31' title='bbox 190 418 320 456; x_wconf 87' lang='lat' dir='ltr'><strong>regem</strong></span> <span class='ocrx_word' id='word_1_32' title='bbox 349 408 456 444; x_wconf 89' lang='lat' dir='ltr'><strong>vobis</strong></span> <span class='ocrx_word' id='word_1_33' title='bbox 485 420 616 456; x_wconf 87' lang='lat' dir='ltr'><strong>pugna</strong></span> <span class='ocrx_word' id='word_1_34' title='bbox 646 407 837 445; x_wconf 82' lang='lat' dir='ltr'><strong>defendite</strong></span> <span class='ocrx_word' id='word_1_35' title='bbox 867 408 1043 458; x_wconf 64' lang='lat' dir='ltr'><strong>raptum?</strong></span> 
     </span>
    </p>

    <p class='ocr_par' dir='ltr' id='par_1_5' title="bbox 122 465 1374 692">
     <span class='ocr_line' id='line_1_7' title="bbox 124 465 1103 511; baseline 0.002 -9"><span class='ocrx_word' id='word_1_36' title='bbox 124 465 240 511; x_wconf 83' lang='lat' dir='ltr'><strong>Dixit,</strong></span> <span class='ocrx_word' id='word_1_37' title='bbox 271 472 308 503; x_wconf 92' lang='lat' dir='ltr'><strong>et</strong></span> <span class='ocrx_word' id='word_1_38' title='bbox 337 466 516 504; x_wconf 90' lang='lat' dir='ltr'><strong>adversos</strong></span> <span class='ocrx_word' id='word_1_39' title='bbox 545 467 662 503; x_wconf 91' lang='lat' dir='ltr'><strong>telum</strong></span> <span class='ocrx_word' id='word_1_40' title='bbox 692 467 875 504; x_wconf 84' lang='lat' dir='ltr'>contorsit</span> <span class='ocrx_word' id='word_1_41' title='bbox 905 468 943 504; x_wconf 90' lang='lat' dir='ltr'><strong>in</strong></span> <span class='ocrx_word' id='word_1_42' title='bbox 973 467 1103 504; x_wconf 88' lang='lat' dir='ltr'><strong>hostes</strong></span> 
     </span>
     <span class='ocr_line' id='line_1_8' title="bbox 124 526 1233 574; baseline 0.002 -13"><span class='ocrx_word' id='word_1_43' title='bbox 124 537 374 574; x_wconf 85' lang='lat' dir='ltr'><strong>procurrens:</strong></span> <span class='ocrx_word' id='word_1_44' title='bbox 416 526 584 562; x_wconf 91' lang='lat' dir='ltr'><strong>sonitum</strong></span> <span class='ocrx_word' id='word_1_45' title='bbox 613 526 677 563; x_wconf 90' lang='lat' dir='ltr'><strong>dat</strong></span> <span class='ocrx_word' id='word_1_46' title='bbox 707 526 859 563; x_wconf 88' lang='lat' dir='ltr'><strong>stridula</strong></span> <span class='ocrx_word' id='word_1_47' title='bbox 889 538 1027 564; x_wconf 89' lang='lat' dir='ltr'><strong>cornus</strong></span> <span class='ocrx_word' id='word_1_48' title='bbox 1057 533 1095 563; x_wconf 90' lang='lat' dir='ltr'><strong>et</strong></span> <span class='ocrx_word' id='word_1_49' title='bbox 1124 537 1233 563; x_wconf 89' lang='lat' dir='ltr'><strong>auras</strong></span> 
     </span>
     <span class='ocr_line' id='line_1_9' title="bbox 124 584 1374 634; baseline 0.001 -14"><span class='ocrx_word' id='word_1_50' title='bbox 124 591 227 621; x_wconf 90' lang='lat' dir='ltr'><strong>certa</strong></span> <span class='ocrx_word' id='word_1_51' title='bbox 255 591 369 622; x_wconf 87' lang='lat' dir='ltr'><strong>secat.</strong></span> <span class='ocrx_word' id='word_1_52' title='bbox 429 584 547 621; x_wconf 91' lang='lat' dir='ltr'><strong>Simul</strong></span> <span class='ocrx_word' id='word_1_53' title='bbox 577 584 662 630; x_wconf 82' lang='lat' dir='ltr'><strong>hoc,</strong></span> <span class='ocrx_word' id='word_1_54' title='bbox 692 585 804 622; x_wconf 86' lang='lat' dir='ltr'><strong>simul</strong></span> <span class='ocrx_word' id='word_1_55' title='bbox 833 586 971 634; x_wconf 88' lang='lat' dir='ltr'><strong>ingens</strong></span> <span class='ocrx_word' id='word_1_56' title='bbox 1000 586 1145 622; x_wconf 87' lang='lat' dir='ltr'><strong>clamor</strong></span> <span class='ocrx_word' id='word_1_57' title='bbox 1173 594 1210 621; x_wconf 89' lang='lat' dir='ltr'><strong>et</strong></span> <span class='ocrx_word' id='word_1_58' title='bbox 1238 596 1374 622; x_wconf 90' lang='lat' dir='ltr'><strong>omnes</strong></span> 
     </span>
     <span class='ocr_line' id='line_1_10' title="bbox 122 642 1032 692; baseline 0 -12"><span class='ocrx_word' id='word_1_59' title='bbox 122 644 260 680; x_wconf 86' lang='lat' dir='ltr'><strong>turbati</strong></span> <span class='ocrx_word' id='word_1_60' title='bbox 289 643 401 680; x_wconf 89' lang='lat' dir='ltr'><strong>cunei</strong></span> <span class='ocrx_word' id='word_1_61' title='bbox 429 642 687 692; x_wconf 81' lang='lat' dir='ltr'><strong>calefactaque</strong></span> <span class='ocrx_word' id='word_1_62' title='bbox 717 643 832 680; x_wconf 92' lang='lat' dir='ltr'><strong>corda</strong></span> <span class='ocrx_word' id='word_1_63' title='bbox 860 644 1032 681; x_wconf 86' lang='lat' dir='ltr'><strong>tumultu.</strong></span> 
     </span>
    </p>

    <p class='ocr_par' dir='ltr' id='par_1_6' title="bbox 124 701 1253 810">
     <span class='ocr_line' id='line_1_11' title="bbox 125 701 1253 752; baseline 0 -13"><span class='ocrx_word' id='word_1_64' title='bbox 125 701 250 739; x_wconf 83' lang='lat' dir='ltr'><strong>Hasta</strong></span> <span class='ocrx_word' id='word_1_65' title='bbox 278 703 420 746; x_wconf 84' lang='lat' dir='ltr'><strong>volans,</strong></span> <span class='ocrx_word' id='word_1_66' title='bbox 450 708 491 739; x_wconf 90' lang='lat' dir='ltr'><strong>ut</strong></span> <span class='ocrx_word' id='word_1_67' title='bbox 519 701 612 738; x_wconf 89' lang='lat' dir='ltr'><strong>forte</strong></span> <span class='ocrx_word' id='word_1_68' title='bbox 642 713 781 739; x_wconf 91' lang='lat' dir='ltr'><strong>novem</strong></span> <span class='ocrx_word' id='word_1_69' title='bbox 812 703 1066 752; x_wconf 87' lang='lat' dir='ltr'><strong>pulcherrima</strong></span> <span class='ocrx_word' id='word_1_70' title='bbox 1096 703 1253 740; x_wconf 80' lang='lat' dir='ltr'><strong>fratrum</strong></span> 
     </span>
     <span class='ocr_line' id='line_1_12' title="bbox 124 762 1143 810; baseline 0.001 -12"><span class='ocrx_word' id='word_1_71' title='bbox 124 773 286 810; x_wconf 90' lang='lat' dir='ltr'><strong>corpora</strong></span> <span class='ocrx_word' id='word_1_72' title='bbox 315 762 562 798; x_wconf 82' lang='lat' dir='ltr'><strong>constiterant</strong></span> <span class='ocrx_word' id='word_1_73' title='bbox 591 767 735 806; x_wconf 85' lang='lat' dir='ltr'><strong>contra,</strong></span> <span class='ocrx_word' id='word_1_74' title='bbox 766 774 863 810; x_wconf 92' lang='lat' dir='ltr'><strong>quos</strong></span> <span class='ocrx_word' id='word_1_75' title='bbox 893 762 968 798; x_wconf 84' lang='lat' dir='ltr'><strong>fida</strong></span> <span class='ocrx_word' id='word_1_76' title='bbox 999 769 1143 799; x_wconf 88' lang='lat' dir='ltr'><strong>crearat</strong></span> 
     </span>
    </p>

    <p class='ocr_par' dir='ltr' id='par_1_7' title="bbox 121 820 1223 1106">
     <span class='ocr_line' id='line_1_13' title="bbox 123 820 1115 870; baseline 0 -12"><span class='ocrx_word' id='word_1_77' title='bbox 123 833 200 858; x_wconf 89' lang='lat' dir='ltr'><strong>una</strong></span> <span class='ocrx_word' id='word_1_78' title='bbox 228 828 284 858; x_wconf 91' lang='lat' dir='ltr'><strong>tot</strong></span> <span class='ocrx_word' id='word_1_79' title='bbox 313 820 479 858; x_wconf 87' lang='lat' dir='ltr'><strong>Arcadio</strong></span> <span class='ocrx_word' id='word_1_80' title='bbox 509 821 677 858; x_wconf 84' lang='lat' dir='ltr'><strong>coniunx</strong></span> <span class='ocrx_word' id='word_1_81' title='bbox 707 820 907 869; x_wconf 90' lang='lat' dir='ltr'><strong>Tyrrhena</strong></span> <span class='ocrx_word' id='word_1_82' title='bbox 936 820 1115 870; x_wconf 78' lang='lat' dir='ltr'><strong>Gprpo,</strong></span> 
     </span>
     <span class='ocr_line' id='line_1_14' title="bbox 122 879 1223 928; baseline 0 -11"><span class='ocrx_word' id='word_1_83' title='bbox 122 880 261 917; x_wconf 89' lang='lat' dir='ltr'><strong>horum</strong></span> <span class='ocrx_word' id='word_1_84' title='bbox 289 891 409 917; x_wconf 91' lang='lat' dir='ltr'><strong>unum</strong></span> <span class='ocrx_word' id='word_1_85' title='bbox 438 880 487 917; x_wconf 91' lang='lat' dir='ltr'><strong>ad</strong></span> <span class='ocrx_word' id='word_1_86' title='bbox 515 879 696 925; x_wconf 83' lang='lat' dir='ltr'><strong>medium,</strong></span> <span class='ocrx_word' id='word_1_87' title='bbox 727 880 856 917; x_wconf 91' lang='lat' dir='ltr'><strong>teritur</strong></span> <span class='ocrx_word' id='word_1_88' title='bbox 885 892 961 928; x_wconf 88' lang='lat' dir='ltr'><strong>qua</strong></span> <span class='ocrx_word' id='word_1_89' title='bbox 990 880 1108 916; x_wconf 89' lang='lat' dir='ltr'><strong>sutilis</strong></span> <span class='ocrx_word' id='word_1_90' title='bbox 1138 880 1223 917; x_wconf 90' lang='lat' dir='ltr'><strong>alvo</strong></span> 
     </span>
     <span class='ocr_line' id='line_1_15' title="bbox 122 938 1075 984; baseline -0.001 -8"><span class='ocrx_word' id='word_1_91' title='bbox 122 939 268 976; x_wconf 86' lang='lat' dir='ltr'><strong>balteus</strong></span> <span class='ocrx_word' id='word_1_92' title='bbox 298 945 335 976; x_wconf 91' lang='lat' dir='ltr'><strong>et</strong></span> <span class='ocrx_word' id='word_1_93' title='bbox 363 938 521 975; x_wconf 87' lang='lat' dir='ltr'><strong>laterum</strong></span> <span class='ocrx_word' id='word_1_94' title='bbox 551 939 742 976; x_wconf 89' lang='lat' dir='ltr'><strong>iuncturas</strong></span> <span class='ocrx_word' id='word_1_95' title='bbox 772 939 887 976; x_wconf 89' lang='lat' dir='ltr'><strong>fibula</strong></span> <span class='ocrx_word' id='word_1_96' title='bbox 915 939 1075 984; x_wconf 90' lang='lat' dir='ltr'><strong>mordet,</strong></span> 
     </span>
     <span class='ocr_line' id='line_1_16' title="bbox 122 997 1144 1047; baseline 0 -12"><span class='ocrx_word' id='word_1_97' title='bbox 122 998 318 1047; x_wconf 86' lang='lat' dir='ltr'><strong>egregium</strong></span> <span class='ocrx_word' id='word_1_98' title='bbox 347 997 470 1034; x_wconf 89' lang='lat' dir='ltr'><strong>forma</strong></span> <span class='ocrx_word' id='word_1_99' title='bbox 498 997 674 1034; x_wconf 88' lang='lat' dir='ltr'><strong>iuvenem</strong></span> <span class='ocrx_word' id='word_1_100' title='bbox 703 1004 740 1035; x_wconf 91' lang='lat' dir='ltr'><strong>et</strong></span> <span class='ocrx_word' id='word_1_101' title='bbox 767 998 1000 1047; x_wconf 83' lang='lat' dir='ltr'><strong>fulgentibus</strong></span> <span class='ocrx_word' id='word_1_102' title='bbox 1031 997 1144 1035; x_wconf 87' lang='lat' dir='ltr'><strong>armis</strong></span> 
     </span>
     <span class='ocr_line' id='line_1_17' title="bbox 121 1055 1076 1106; baseline -0.001 -12"><span class='ocrx_word' id='word_1_103' title='bbox 121 1057 345 1106; x_wconf 81' lang='lat' dir='ltr'><strong>transadigit</strong></span> <span class='ocrx_word' id='word_1_104' title='bbox 374 1063 500 1094; x_wconf 89' lang='lat' dir='ltr'><strong>costas</strong></span> <span class='ocrx_word' id='word_1_105' title='bbox 529 1055 705 1105; x_wconf 89' lang='lat' dir='ltr'><strong>fulvaque</strong></span> <span class='ocrx_word' id='word_1_106' title='bbox 735 1056 895 1094; x_wconf 88' lang='lat' dir='ltr'><strong>effundit</strong></span> <span class='ocrx_word' id='word_1_107' title='bbox 924 1056 1076 1093; x_wconf 87' lang='lat' dir='ltr'><strong>harena.</strong></span> 
     </span>
    </p>

    <p class='ocr_par' dir='ltr' id='par_1_8' title="bbox 120 1116 1278 1404">
     <span class='ocr_line' id='line_1_18' title="bbox 122 1116 1160 1165; baseline -0.002 -10"><span class='ocrx_word' id='word_1_108' title='bbox 122 1119 173 1155; x_wconf 90' lang='lat' dir='ltr'><strong>At</strong></span> <span class='ocrx_word' id='word_1_109' title='bbox 202 1117 346 1162; x_wconf 85' lang='lat' dir='ltr'><strong>fratres,</strong></span> <span class='ocrx_word' id='word_1_110' title='bbox 377 1117 552 1154; x_wconf 90' lang='lat' dir='ltr'><strong>animosa</strong></span> <span class='ocrx_word' id='word_1_111' title='bbox 582 1116 748 1165; x_wconf 84' lang='lat' dir='ltr'><strong>phalanx</strong></span> <span class='ocrx_word' id='word_1_112' title='bbox 778 1128 1017 1165; x_wconf 84' lang='lat' dir='ltr'><strong>accensaque</strong></span> <span class='ocrx_word' id='word_1_113' title='bbox 1045 1116 1160 1160; x_wconf 90' lang='lat' dir='ltr'><strong>luctu,</strong></span> 
     </span>
     <span class='ocr_line' id='line_1_19' title="bbox 121 1176 1278 1228; baseline -0.003 -12"><span class='ocrx_word' id='word_1_114' title='bbox 121 1191 209 1228; x_wconf 86' lang='lat' dir='ltr'><strong>pars</strong></span> <span class='ocrx_word' id='word_1_115' title='bbox 238 1177 385 1227; x_wconf 83' lang='lat' dir='ltr'><strong>gladios</strong></span> <span class='ocrx_word' id='word_1_116' title='bbox 415 1178 602 1225; x_wconf 84' lang='lat' dir='ltr'><strong>stringunt</strong></span> <span class='ocrx_word' id='word_1_117' title='bbox 631 1177 820 1221; x_wconf 87' lang='lat' dir='ltr'><strong>manibus,</strong></span> <span class='ocrx_word' id='word_1_118' title='bbox 850 1188 938 1225; x_wconf 91' lang='lat' dir='ltr'><strong>pars</strong></span> <span class='ocrx_word' id='word_1_119' title='bbox 967 1176 1108 1213; x_wconf 88' lang='lat' dir='ltr'><strong>missile</strong></span> <span class='ocrx_word' id='word_1_120' title='bbox 1138 1176 1278 1213; x_wconf 90' lang='lat' dir='ltr'><strong>ferrum</strong></span> 
     </span>
     <span class='ocr_line' id='line_1_20' title="bbox 122 1235 1205 1287; baseline -0.005 -12"><span class='ocrx_word' id='word_1_121' title='bbox 122 1238 328 1287; x_wconf 87' lang='lat' dir='ltr'><strong>corripiunt</strong></span> <span class='ocrx_word' id='word_1_122' title='bbox 357 1236 536 1285; x_wconf 90' lang='lat' dir='ltr'><strong>caecique</strong></span> <span class='ocrx_word' id='word_1_123' title='bbox 565 1242 688 1272; x_wconf 88' lang='lat' dir='ltr'><strong>ruunt.</strong></span> <span class='ocrx_word' id='word_1_124' title='bbox 747 1235 858 1281; x_wconf 88' lang='lat' dir='ltr'><strong>Quos</strong></span> <span class='ocrx_word' id='word_1_125' title='bbox 887 1235 1043 1284; x_wconf 85' lang='lat' dir='ltr'><strong>agmina</strong></span> <span class='ocrx_word' id='word_1_126' title='bbox 1073 1241 1205 1271; x_wconf 90' lang='lat' dir='ltr'><strong>contra</strong></span> 
     </span>
     <span class='ocr_line' id='line_1_21' title="bbox 120 1293 1247 1347; baseline -0.003 -13"><span class='ocrx_word' id='word_1_127' title='bbox 120 1303 346 1347; x_wconf 88' lang='lat' dir='ltr'><strong>procurrunt</strong></span> <span class='ocrx_word' id='word_1_128' title='bbox 375 1295 619 1341; x_wconf 84' lang='lat' dir='ltr'><strong>Laurentum,</strong></span> <span class='ocrx_word' id='word_1_129' title='bbox 649 1294 737 1332; x_wconf 92' lang='lat' dir='ltr'><strong>hinc</strong></span> <span class='ocrx_word' id='word_1_130' title='bbox 767 1294 874 1331; x_wconf 91' lang='lat' dir='ltr'><strong>densi</strong></span> <span class='ocrx_word' id='word_1_131' title='bbox 903 1305 1031 1331; x_wconf 89' lang='lat' dir='ltr'><strong>rursus</strong></span> <span class='ocrx_word' id='word_1_132' title='bbox 1060 1293 1247 1331; x_wconf 84' lang='lat' dir='ltr'><strong>inundant</strong></span> 
     </span>
     <span class='ocr_line' id='line_1_22' title="bbox 121 1353 1092 1404; baseline -0.003 -11"><span class='ocrx_word' id='word_1_133' title='bbox 121 1357 246 1395; x_wconf 89' lang='lat' dir='ltr'><strong>Troes</strong></span> <span class='ocrx_word' id='word_1_134' title='bbox 275 1355 518 1404; x_wconf 82' lang='lat' dir='ltr'><strong>Agyllinique</strong></span> <span class='ocrx_word' id='word_1_135' title='bbox 548 1360 585 1391; x_wconf 93' lang='lat' dir='ltr'><strong>et</strong></span> <span class='ocrx_word' id='word_1_136' title='bbox 614 1354 723 1403; x_wconf 87' lang='lat' dir='ltr'><strong>pictis</strong></span> <span class='ocrx_word' id='word_1_137' title='bbox 753 1353 924 1391; x_wconf 85' lang='lat' dir='ltr'><strong>Arcades</strong></span> <span class='ocrx_word' id='word_1_138' title='bbox 954 1353 1092 1390; x_wconf 87' lang='lat' dir='ltr'><strong>armis:</strong></span> 
     </span>
    </p>

    <p class='ocr_par' dir='ltr' id='par_1_9' title="bbox 120 1412 1119 1525">
     <span class='ocr_line' id='line_1_23' title="bbox 120 1412 1119 1453; baseline -0.005 0"><span class='ocrx_word' id='word_1_139' title='bbox 120 1417 173 1453; x_wconf 90' lang='lat' dir='ltr'><strong>sic</strong></span> <span class='ocrx_word' id='word_1_140' title='bbox 204 1427 339 1453; x_wconf 88' lang='lat' dir='ltr'><strong>omnes</strong></span> <span class='ocrx_word' id='word_1_141' title='bbox 368 1426 476 1451; x_wconf 87' lang='lat' dir='ltr'><strong>amor</strong></span> <span class='ocrx_word' id='word_1_142' title='bbox 504 1425 602 1450; x_wconf 90' lang='lat' dir='ltr'><strong>unus</strong></span> <span class='ocrx_word' id='word_1_143' title='bbox 631 1413 746 1450; x_wconf 85' lang='lat' dir='ltr'><strong>habet</strong></span> <span class='ocrx_word' id='word_1_144' title='bbox 775 1413 978 1449; x_wconf 88' lang='lat' dir='ltr'><strong>decernere</strong></span> <span class='ocrx_word' id='word_1_145' title='bbox 1007 1412 1119 1449; x_wconf 88' lang='lat' dir='ltr'><strong>ferro.</strong></span> 
     </span>
     <span class='ocr_line' id='line_1_24' title="bbox 120 1472 929 1525; baseline -0.006 -12"><span class='ocrx_word' id='word_1_146' title='bbox 120 1476 319 1525; x_wconf 88' lang='lat' dir='ltr'><strong>Diripuere</strong></span> <span class='ocrx_word' id='word_1_147' title='bbox 348 1486 431 1511; x_wconf 88' lang='lat' dir='ltr'><strong>aras</strong></span> <span class='ocrx_word' id='word_1_148' title='bbox 461 1472 505 1523; x_wconf 91' lang='lat' dir='ltr'><strong>(it</strong></span> <span class='ocrx_word' id='word_1_149' title='bbox 533 1479 613 1510; x_wconf 91' lang='lat' dir='ltr'><strong>toto</strong></span> <span class='ocrx_word' id='word_1_150' title='bbox 643 1472 792 1509; x_wconf 88' lang='lat' dir='ltr'><strong>turbida</strong></span> <span class='ocrx_word' id='word_1_151' title='bbox 821 1472 929 1509; x_wconf 88' lang='lat' dir='ltr'><strong>caelo</strong></span> 
     </span>
    </p>

    <p class='ocr_par' dir='ltr' id='par_1_10' title="bbox 119 1527 1207 1703">
     <span class='ocr_line' id='line_1_25' title="bbox 120 1527 1103 1583; baseline -0.007 -11"><span class='ocrx_word' id='word_1_152' title='bbox 120 1540 328 1583; x_wconf 87' lang='lat' dir='ltr'><strong>tempestas</strong></span> <span class='ocrx_word' id='word_1_153' title='bbox 358 1533 521 1570; x_wconf 88' lang='lat' dir='ltr'><strong>telorum</strong></span> <span class='ocrx_word' id='word_1_154' title='bbox 551 1544 595 1569; x_wconf 92' lang='lat' dir='ltr'><strong>ac</strong></span> <span class='ocrx_word' id='word_1_155' title='bbox 626 1531 766 1568; x_wconf 89' lang='lat' dir='ltr'><strong>ferreus</strong></span> <span class='ocrx_word' id='word_1_156' title='bbox 796 1530 935 1579; x_wconf 84' lang='lat' dir='ltr'><strong>ingruit</strong></span> <span class='ocrx_word' id='word_1_157' title='bbox 965 1527 1103 1579; x_wconf 89' lang='lat' dir='ltr'><strong>imber)</strong></span> 
     </span>
     <span class='ocr_line' id='line_1_26' title="bbox 121 1588 1207 1643; baseline -0.005 -11"><span class='ocrx_word' id='word_1_158' title='bbox 121 1602 360 1643; x_wconf 78' lang='lat' dir='ltr'><strong>craterasque</strong></span> <span class='ocrx_word' id='word_1_159' title='bbox 390 1592 574 1640; x_wconf 88' lang='lat' dir='ltr'><strong>focosque</strong></span> <span class='ocrx_word' id='word_1_160' title='bbox 605 1590 738 1627; x_wconf 90' lang='lat' dir='ltr'><strong>ferunt.</strong></span> <span class='ocrx_word' id='word_1_161' title='bbox 795 1590 908 1638; x_wconf 88' lang='lat' dir='ltr'><strong>Fugit</strong></span> <span class='ocrx_word' id='word_1_162' title='bbox 938 1590 1017 1638; x_wconf 91' lang='lat' dir='ltr'><strong>ipse</strong></span> <span class='ocrx_word' id='word_1_163' title='bbox 1048 1588 1207 1627; x_wconf 87' lang='lat' dir='ltr'><strong>Latinus</strong></span> 
     </span>
     <span class='ocr_line' id='line_1_27' title="bbox 119 1648 993 1703; baseline -0.008 -13"><span class='ocrx_word' id='word_1_164' title='bbox 119 1654 291 1703; x_wconf 88' lang='lat' dir='ltr'><strong>pulsatos</strong></span> <span class='ocrx_word' id='word_1_165' title='bbox 320 1651 487 1689; x_wconf 88' lang='lat' dir='ltr'><strong>referens</strong></span> <span class='ocrx_word' id='word_1_166' title='bbox 517 1650 658 1687; x_wconf 90' lang='lat' dir='ltr'><strong>infecto</strong></span> <span class='ocrx_word' id='word_1_167' title='bbox 688 1648 843 1686; x_wconf 88' lang='lat' dir='ltr'><strong>foedere</strong></span> <span class='ocrx_word' id='word_1_168' title='bbox 874 1648 993 1685; x_wconf 91' lang='lat' dir='ltr'><strong>divos.</strong></span> 
     </span>
    </p>

    <p class='ocr_par' dir='ltr' id='par_1_11' title="bbox 119 1707 980 1756">
     <span class='ocr_line' id='line_1_28' title="bbox 119 1707 980 1756; baseline -0.009 -6"><span class='ocrx_word' id='word_1_169' title='bbox 119 1711 316 1750; x_wconf 89' lang='lat' dir='ltr'><strong>Infrenant</strong></span> <span class='ocrx_word' id='word_1_170' title='bbox 346 1711 407 1747; x_wconf 86' lang='lat' dir='ltr'><strong>alii</strong></span> <span class='ocrx_word' id='word_1_171' title='bbox 436 1721 566 1746; x_wconf 91' lang='lat' dir='ltr'><strong>currus</strong></span> <span class='ocrx_word' id='word_1_172' title='bbox 596 1714 660 1745; x_wconf 88' lang='lat' dir='ltr'><strong>aut</strong></span> <span class='ocrx_word' id='word_1_173' title='bbox 690 1719 854 1756; x_wconf 91' lang='lat' dir='ltr'><strong>corpora</strong></span> <span class='ocrx_word' id='word_1_174' title='bbox 883 1707 980 1743; x_wconf 85' lang='lat' dir='ltr'><strong>saltu</strong></span> 
     </span>
    </p>

    <p class='ocr_par' dir='ltr' id='par_1_12' title="bbox 119 1764 1190 1996">
     <span class='ocr_line' id='line_1_29' title="bbox 120 1764 1134 1818; baseline -0.008 -9"><span class='ocrx_word' id='word_1_175' title='bbox 120 1766 324 1809; x_wconf 72' lang='lat' dir='ltr'><strong>subiiciunt</strong></span> <span class='ocrx_word' id='word_1_176' title='bbox 352 1770 391 1806; x_wconf 90' lang='lat' dir='ltr'><strong>in</strong></span> <span class='ocrx_word' id='word_1_177' title='bbox 420 1780 542 1818; x_wconf 90' lang='lat' dir='ltr'><strong>equos</strong></span> <span class='ocrx_word' id='word_1_178' title='bbox 573 1773 609 1804; x_wconf 92' lang='lat' dir='ltr'><strong>et</strong></span> <span class='ocrx_word' id='word_1_179' title='bbox 639 1767 774 1804; x_wconf 87' lang='lat' dir='ltr'><strong>strictis</strong></span> <span class='ocrx_word' id='word_1_180' title='bbox 803 1766 956 1802; x_wconf 87' lang='lat' dir='ltr'><strong>ensibus</strong></span> <span class='ocrx_word' id='word_1_181' title='bbox 986 1764 1134 1802; x_wconf 85' lang='lat' dir='ltr'><strong>adsunt.</strong></span> 
     </span>
     <span class='ocr_line' id='line_1_30' title="bbox 119 1825 1097 1879; baseline -0.009 -11"><span class='ocrx_word' id='word_1_182' title='bbox 119 1831 324 1879; x_wconf 84' lang='lat' dir='ltr'><strong>Messapus</strong></span> <span class='ocrx_word' id='word_1_183' title='bbox 353 1841 484 1877; x_wconf 90' lang='lat' dir='ltr'><strong>regem</strong></span> <span class='ocrx_word' id='word_1_184' title='bbox 514 1826 691 1875; x_wconf 89' lang='lat' dir='ltr'><strong>regisque</strong></span> <span class='ocrx_word' id='word_1_185' title='bbox 721 1825 870 1874; x_wconf 90' lang='lat' dir='ltr'><strong>insigne</strong></span> <span class='ocrx_word' id='word_1_186' title='bbox 899 1830 1097 1873; x_wconf 88' lang='lat' dir='ltr'><strong>gerentem</strong></span> 
     </span>
     <span class='ocr_line' id='line_1_31' title="bbox 119 1882 1190 1938; baseline -0.005 -13"><span class='ocrx_word' id='word_1_187' title='bbox 119 1888 364 1938; x_wconf 89' lang='lat' dir='ltr'><strong>Tyrrhenum</strong></span> <span class='ocrx_word' id='word_1_188' title='bbox 392 1886 587 1930; x_wconf 89' lang='lat' dir='ltr'><strong>Aulesten‚</strong></span> <span class='ocrx_word' id='word_1_189' title='bbox 618 1884 748 1921; x_wconf 89' lang='lat' dir='ltr'><strong>avidus</strong></span> <span class='ocrx_word' id='word_1_190' title='bbox 777 1883 1013 1920; x_wconf 89' lang='lat' dir='ltr'><strong>confundere</strong></span> <span class='ocrx_word' id='word_1_191' title='bbox 1044 1882 1190 1928; x_wconf 90' lang='lat' dir='ltr'><strong>foedus,</strong></span> 
     </span>
     <span class='ocr_line' id='line_1_32' title="bbox 120 1942 1058 1996; baseline -0.007 -11"><span class='ocrx_word' id='word_1_192' title='bbox 120 1948 279 1985; x_wconf 86' lang='lat' dir='ltr'><strong>adverso</strong></span> <span class='ocrx_word' id='word_1_193' title='bbox 308 1952 491 1996; x_wconf 90' lang='lat' dir='ltr'><strong>proterret</strong></span> <span class='ocrx_word' id='word_1_194' title='bbox 521 1955 645 1994; x_wconf 91' lang='lat' dir='ltr'><strong>equo:</strong></span> <span class='ocrx_word' id='word_1_195' title='bbox 685 1944 756 1980; x_wconf 90' lang='lat' dir='ltr'><strong>ruit</strong></span> <span class='ocrx_word' id='word_1_196' title='bbox 785 1943 846 1979; x_wconf 93' lang='lat' dir='ltr'><strong>ille</strong></span> <span class='ocrx_word' id='word_1_197' title='bbox 874 1942 1058 1980; x_wconf 89' lang='lat' dir='ltr'><strong>recedens</strong></span> 
     </span>
    </p>

    <p class='ocr_par' dir='ltr' id='par_1_13' title="bbox 120 1995 1030 2055">
     <span class='ocr_line' id='line_1_33' title="bbox 120 1995 1030 2055; baseline -0.008 -11"><span class='ocrx_word' id='word_1_198' title='bbox 120 2013 157 2044; x_wconf 89' lang='lat' dir='ltr'><strong>et</strong></span> <span class='ocrx_word' id='word_1_199' title='bbox 185 2007 298 2043; x_wconf 89' lang='lat' dir='ltr'><strong>miser</strong></span> <span class='ocrx_word' id='word_1_200' title='bbox 326 2005 515 2055; x_wconf 90' lang='lat' dir='ltr'><strong>oppositis</strong></span> <span class='ocrx_word' id='word_1_201' title='bbox 544 2016 567 2040; x_wconf 92' lang='lat' dir='ltr'><strong>a</strong></span> <span class='ocrx_word' id='word_1_202' title='bbox 595 2010 703 2052; x_wconf 86' lang='lat' dir='ltr'><strong>tergo</strong></span> <span class='ocrx_word' id='word_1_203' title='bbox 732 1995 929 2038; x_wconf 69' lang='lat' dir='ltr'><strong>involvitur</strong></span> <span class='ocrx_word' id='word_1_204' title='bbox 959 2001 1030 2038; x_wconf 89' lang='lat' dir='ltr'><strong>aris</strong></span> 
     </span>
    </p>

    <p class='ocr_par' dir='ltr' id='par_1_14' title="bbox 120 2059 1263 2173">
     <span class='ocr_line' id='line_1_34' title="bbox 120 2059 1263 2115; baseline -0.003 -13"><span class='ocrx_word' id='word_1_205' title='bbox 120 2067 159 2102; x_wconf 79' lang='lat' dir='ltr'><strong>in</strong></span> <span class='ocrx_word' id='word_1_206' title='bbox 188 2072 302 2115; x_wconf 91' lang='lat' dir='ltr'><strong>caput</strong></span> <span class='ocrx_word' id='word_1_207' title='bbox 332 2065 447 2112; x_wconf 89' lang='lat' dir='ltr'><strong>inque</strong></span> <span class='ocrx_word' id='word_1_208' title='bbox 476 2074 641 2100; x_wconf 88' lang='lat' dir='ltr'><strong>umeros.</strong></span> <span class='ocrx_word' id='word_1_209' title='bbox 699 2062 751 2098; x_wconf 85' lang='lat' dir='ltr'><strong>At</strong></span> <span class='ocrx_word' id='word_1_210' title='bbox 780 2061 946 2097; x_wconf 87' lang='lat' dir='ltr'><strong>fervidus</strong></span> <span class='ocrx_word' id='word_1_211' title='bbox 975 2059 1126 2097; x_wconf 85' lang='lat' dir='ltr'><strong>advolat</strong></span> <span class='ocrx_word' id='word_1_212' title='bbox 1154 2060 1263 2098; x_wconf 82' lang='lat' dir='ltr'><strong>hasta</strong></span> 
     </span>
     <span class='ocr_line' id='line_1_35' title="bbox 121 2119 1022 2173; baseline -0.007 -11"><span class='ocrx_word' id='word_1_213' title='bbox 121 2125 326 2173; x_wconf 86' lang='lat' dir='ltr'><strong>Messapus</strong></span> <span class='ocrx_word' id='word_1_214' title='bbox 355 2123 509 2172; x_wconf 90' lang='lat' dir='ltr'><strong>teloque</strong></span> <span class='ocrx_word' id='word_1_215' title='bbox 539 2127 713 2159; x_wconf 89' lang='lat' dir='ltr'><strong>orantem</strong></span> <span class='ocrx_word' id='word_1_216' title='bbox 743 2120 861 2157; x_wconf 89' lang='lat' dir='ltr'><strong>multa</strong></span> <span class='ocrx_word' id='word_1_217' title='bbox 889 2119 1022 2157; x_wconf 87' lang='lat' dir='ltr'><strong>trabali</strong></span> 
     </span>
    </p>

    <p class='ocr_par' dir='ltr' id='par_1_15' title="bbox 121 2178 1308 2471">
     <span class='ocr_line' id='line_1_36' title="bbox 122 2178 1210 2233; baseline -0.006 -12"><span class='ocrx_word' id='word_1_218' title='bbox 122 2184 283 2233; x_wconf 84' lang='lat' dir='ltr'><strong>desuper</strong></span> <span class='ocrx_word' id='word_1_219' title='bbox 311 2182 406 2219; x_wconf 86' lang='lat' dir='ltr'><strong>altus</strong></span> <span class='ocrx_word' id='word_1_220' title='bbox 435 2194 535 2230; x_wconf 90' lang='lat' dir='ltr'><strong>equo</strong></span> <span class='ocrx_word' id='word_1_221' title='bbox 565 2182 726 2230; x_wconf 87' lang='lat' dir='ltr'><strong>graviter</strong></span> <span class='ocrx_word' id='word_1_222' title='bbox 755 2179 838 2217; x_wconf 87' lang='lat' dir='ltr'><strong>ferit</strong></span> <span class='ocrx_word' id='word_1_223' title='bbox 867 2186 979 2229; x_wconf 92' lang='lat' dir='ltr'><strong>atque</strong></span> <span class='ocrx_word' id='word_1_224' title='bbox 1008 2179 1061 2215; x_wconf 86' lang='lat' dir='ltr'><strong>ita</strong></span> <span class='ocrx_word' id='word_1_225' title='bbox 1090 2178 1210 2215; x_wconf 87' lang='lat' dir='ltr'><strong>fatur:</strong></span> 
     </span>
     <span class='ocr_line' id='line_1_37' title="bbox 121 2238 1308 2289; baseline -0.005 -7"><span class='ocrx_word' id='word_1_226' title='bbox 121 2244 235 2282; x_wconf 87' lang='lat' dir='ltr'><strong>‘Hoc</strong></span> <span class='ocrx_word' id='word_1_227' title='bbox 264 2243 389 2288; x_wconf 88' lang='lat' dir='ltr'><strong>habet,</strong></span> <span class='ocrx_word' id='word_1_228' title='bbox 419 2243 513 2279; x_wconf 86' lang='lat' dir='ltr'><strong>haec</strong></span> <span class='ocrx_word' id='word_1_229' title='bbox 543 2242 678 2279; x_wconf 90' lang='lat' dir='ltr'><strong>melior</strong></span> <span class='ocrx_word' id='word_1_230' title='bbox 707 2241 858 2289; x_wconf 86' lang='lat' dir='ltr'><strong>magnis</strong></span> <span class='ocrx_word' id='word_1_231' title='bbox 889 2240 978 2276; x_wconf 83' lang='lat' dir='ltr'><strong>data</strong></span> <span class='ocrx_word' id='word_1_232' title='bbox 1007 2239 1159 2275; x_wconf 90' lang='lat' dir='ltr'><strong>victima</strong></span> <span class='ocrx_word' id='word_1_233' title='bbox 1189 2238 1308 2276; x_wconf 88' lang='lat' dir='ltr'><strong>divis.’</strong></span> 
     </span>
     <span class='ocr_line' id='line_1_38' title="bbox 122 2298 1158 2350; baseline -0.006 -9"><span class='ocrx_word' id='word_1_234' title='bbox 122 2303 365 2341; x_wconf 89' lang='lat' dir='ltr'><strong>Concurrunt</strong></span> <span class='ocrx_word' id='word_1_235' title='bbox 394 2301 478 2338; x_wconf 90' lang='lat' dir='ltr'><strong>Itali</strong></span> <span class='ocrx_word' id='word_1_236' title='bbox 509 2301 752 2350; x_wconf 86' lang='lat' dir='ltr'><strong>spoliantque</strong></span> <span class='ocrx_word' id='word_1_237' title='bbox 782 2299 945 2337; x_wconf 87' lang='lat' dir='ltr'><strong>calentia</strong></span> <span class='ocrx_word' id='word_1_238' title='bbox 974 2298 1158 2335; x_wconf 85' lang='lat' dir='ltr'><strong>membra.</strong></span> 
     </span>
     <span class='ocr_line' id='line_1_39' title="bbox 124 2359 1112 2413; baseline -0.006 -13"><span class='ocrx_word' id='word_1_239' title='bbox 124 2363 269 2401; x_wconf 89' lang='lat' dir='ltr'><strong>Obvius</strong></span> <span class='ocrx_word' id='word_1_240' title='bbox 299 2362 516 2413; x_wconf 62' lang='lat' dir='ltr'><strong>ambustum</strong></span> <span class='ocrx_word' id='word_1_241' title='bbox 547 2367 687 2409; x_wconf 88' lang='lat' dir='ltr'><strong>torrem</strong></span> <span class='ocrx_word' id='word_1_242' title='bbox 717 2359 941 2408; x_wconf 86' lang='lat' dir='ltr'><strong>Corynaeus</strong></span> <span class='ocrx_word' id='word_1_243' title='bbox 970 2359 1018 2394; x_wconf 90' lang='lat' dir='ltr'><strong>ab</strong></span> <span class='ocrx_word' id='word_1_244' title='bbox 1048 2369 1112 2394; x_wconf 83' lang='lat' dir='ltr'><strong>ara</strong></span> 
     </span>
     <span class='ocr_line' id='line_1_40' title="bbox 124 2412 1121 2471; baseline -0.006 -11"><span class='ocrx_word' id='word_1_245' title='bbox 124 2422 275 2471; x_wconf 88' lang='lat' dir='ltr'><strong>corripit</strong></span> <span class='ocrx_word' id='word_1_246' title='bbox 303 2412 340 2457; x_wconf 76' lang='lat' dir='ltr'><strong>et</strong></span> <span class='ocrx_word' id='word_1_247' title='bbox 369 2419 534 2456; x_wconf 85' lang='lat' dir='ltr'><strong>venienti</strong></span> <span class='ocrx_word' id='word_1_248' title='bbox 565 2415 697 2456; x_wconf 87' lang='lat' dir='ltr'><strong>Ebuso</strong></span> <span class='ocrx_word' id='word_1_249' title='bbox 727 2419 959 2468; x_wconf 81' lang='lat' dir='ltr'><strong>plagamque</strong></span> <span class='ocrx_word' id='word_1_250' title='bbox 988 2416 1121 2454; x_wconf 85' lang='lat' dir='ltr'><strong>serenti</strong></span> 
     </span>
    </p>
   </div>
   <div class='ocr_carea' id='block_1_3' title="bbox 1447 413 1506 454">
    <p class='ocr_par' dir='ltr' id='par_1_16' title="bbox 1447 413 1506 454">
     <span class='ocr_line' id='line_1_41' title="bbox 1447 413 1506 454; baseline 0 -9"><span class='ocrx_word' id='word_1_251' title='bbox 1447 413 1506 454; x_wconf 84' lang='lat'><strong>265</strong></span> 
     </span>
    </p>
   </div>
   <div class='ocr_carea' id='block_1_4' title="bbox 1447 716 1508 746">
    <p class='ocr_par' dir='ltr' id='par_1_17' title="bbox 1447 716 1508 746">
     <span class='ocr_line' id='line_1_42' title="bbox 1447 716 1508 746; baseline -0.016 -8"><span class='ocrx_word' id='word_1_252' title='bbox 1447 716 1508 746; x_wconf 84' lang='lat'><strong>270</strong></span> 
     </span>
    </p>
   </div>
   <div class='ocr_carea' id='block_1_5' title="bbox 1447 1010 1505 1043">
    <p class='ocr_par' dir='ltr' id='par_1_18' title="bbox 1447 1010 1505 1043">
     <span class='ocr_line' id='line_1_43' title="bbox 1447 1010 1505 1043; baseline -0.017 0"><span class='ocrx_word' id='word_1_253' title='bbox 1447 1010 1505 1043; x_wconf 81' lang='lat'><strong>275</strong></span> 
     </span>
    </p>
   </div>
   <div class='ocr_carea' id='block_1_6' title="bbox 1446 1300 1507 1330">
    <p class='ocr_par' dir='ltr' id='par_1_19' title="bbox 1446 1300 1507 1330">
     <span class='ocr_line' id='line_1_44' title="bbox 1446 1300 1507 1330; baseline -0.016 0"><span class='ocrx_word' id='word_1_254' title='bbox 1446 1300 1507 1330; x_wconf 86' lang='lat'><strong>280</strong></span> 
     </span>
    </p>
   </div>
   <div class='ocr_carea' id='block_1_7' title="bbox 1445 1595 1505 1635">
    <p class='ocr_par' dir='ltr' id='par_1_20' title="bbox 1445 1595 1505 1635">
     <span class='ocr_line' id='line_1_45' title="bbox 1445 1595 1505 1635; baseline -0.017 -8"><span class='ocrx_word' id='word_1_255' title='bbox 1445 1595 1505 1635; x_wconf 85' lang='lat'><strong>285</strong></span> 
     </span>
    </p>
   </div>
   <div class='ocr_carea' id='block_1_8' title="bbox 1445 1899 1508 1932">
    <p class='ocr_par' dir='ltr' id='par_1_21' title="bbox 1445 1899 1508 1932">
     <span class='ocr_line' id='line_1_46' title="bbox 1445 1899 1508 1932; baseline -0.016 -10"><span class='ocrx_word' id='word_1_256' title='bbox 1445 1899 1508 1932; x_wconf 86' lang='lat'><strong>²90</strong></span> 
     </span>
    </p>
   </div>
   <div class='ocr_carea' id='block_1_9' title="bbox 1446 2194 1504 2227">
    <p class='ocr_par' dir='ltr' id='par_1_22' title="bbox 1446 2194 1504 2227">
     <span class='ocr_line' id='line_1_47' title="bbox 1446 2194 1504 2227; baseline -0.017 0"><span class='ocrx_word' id='word_1_257' title='bbox 1446 2194 1504 2227; x_wconf 82' lang='lat'><strong>295</strong></span> 
     </span>
    </p>
   </div>
  </div>
 </body>
</html>
