1669 2737
139 85 218 130 150
705 81 929 122 AENEIS.

133 190 450 241 Dardaniumque
481 192 631 238 ducem,
662 192 780 242 Tyria
809 193 1040 244 Carthagine
1068 194 1133 243 qui
1162 206 1265 232 nunc

134 258 328 299 exspectat
358 251 517 301 fatisque
547 252 654 290 datas
684 265 764 290 non
793 254 945 302 respicit
973 255 1097 299 urbeS,

133 310 325 359 alloquere
355 318 391 348 et
422 311 563 348 celeres
593 311 698 349 defer
726 325 812 350 mea
841 313 942 350 dicta
969 326 1036 362 per
1064 326 1185 351 auras.

134 369 226 406 Non
255 370 359 406 illurn
389 371 560 418 genetrix
591 372 703 409 nobis
732 372 985 420 pulcherrima
1013 373 1129 409 talem

132 429 307 477 promisit
337 428 573 478 Graiumque
602 430 691 467 ideo
720 431 778 468 bis
807 432 972 469 vindicat
1001 433 1116 469 armis
1133 445 1142 477 ;

132 487 201 525 sed
230 487 309 524 fore
339 489 403 537 qui
432 489 628 536 gravidam
657 490 824 538 imperiis
853 491 1029 540 belloque
1059 491 1284 529 frementem

132 547 280 584 Italiam
309 555 467 596 regeret,
496 560 619 596 genus
649 548 724 585 alto
755 561 777 586 a
806 551 991 597 sanguine
1022 550 1163 586 Teucri

131 606 321 655 proderet,
352 619 397 644 ae
426 613 548 644 toturn
579 608 650 644 sub
679 607 783 656 leges
813 609 976 646 mitteret
1004 610 1149 646 orbem.

133 666 172 703 Si
202 666 304 703 nulla
333 666 509 704 accendit
539 673 727 704 tantarum
756 667 876 715 gloria
905 681 1029 705 rerum

131 738 202 763 nec
233 738 346 774 super
374 726 457 774 ipse
487 738 553 763 sua
583 727 734 763 molitur
762 727 874 764 laude
904 728 1084 773 laborem,

130 785 351 822 Ascanione
379 792 487 833 pater
518 785 717 822 Romanas
747 786 888 823 invidet
917 788 1049 825 arces?

130 845 222 894 quid
252 845 382 882 struit?
426 851 489 883 aut
518 857 593 894 qua
622 857 690 894 spe
718 846 872 883 inimica
901 846 939 883 in
968 853 1082 895 gente
1112 855 1293 893 moratur,

130 917 201 942 nec
231 905 378 953 prolem
409 905 624 942 Ausoniam
653 911 689 941 et
719 904 877 942 Lavinia
905 907 1058 955 respicit
1087 909 1200 944 arva?

130 965 309 1012 naviget:
350 964 444 1001 haec
474 976 624 1001 summa
653 970 719 1009 est,
751 964 811 1002 hic
841 966 959 1002 nostri
989 966 1145 1002 nuntius
1175 965 1282 1002 esto.’

184 1023 353 1061 Dixerat.
412 1023 478 1060 Ille
509 1023 630 1060 Patris
659 1025 790 1072 magni
819 1036 951 1072 parere
981 1026 1141 1073 parabat

130 1083 311 1132 imperio:
351 1089 387 1120 et
416 1083 582 1132 primum
612 1083 773 1132 pedibus
804 1084 933 1121 talaria
962 1084 1077 1121 nectit

131 1156 255 1187 aurea,
285 1155 383 1192 quae
413 1143 616 1180 sublimem
645 1143 712 1180 alis
742 1143 818 1180 sive
847 1156 1015 1192 aequora
1044 1156 1158 1193 supra

131 1216 198 1241 seu
226 1209 364 1239 terram
392 1202 528 1251 rapido
556 1202 693 1251 pariter
722 1214 809 1239 cum
838 1202 992 1239 flamine
1022 1210 1184 1252 portant.

130 1263 234 1300 Tum
264 1262 409 1311 virgam
439 1262 562 1310 capit:
603 1261 673 1298 hac
703 1261 851 1299 animas
881 1262 941 1299 ille
971 1269 1104 1300 evocat
1133 1262 1239 1301 Orco

130 1322 323 1372 pallentes,
355 1321 446 1358 alias
476 1321 547 1357 sub
577 1320 739 1358 Tartara
767 1321 884 1358 tristia
913 1322 1035 1366 mittit,

130 1381 194 1419 dat
223 1392 382 1418 somnos
412 1380 633 1428 adimitque,
664 1386 701 1417 et
731 1380 874 1418 lumina
903 1388 1025 1419 morte
1054 1381 1234 1430 resignat.

131 1440 200 1477 Illa
229 1439 345 1477 fretus
376 1440 452 1488 agit
480 1446 624 1484 ventos,
656 1446 692 1476 et
721 1440 871 1477 turbida
899 1446 1023 1478 tranat

131 1499 270 1536 nubila.
329 1498 489 1547 Iamque
518 1498 651 1535 volans
681 1499 830 1547 apicem
860 1504 897 1535 et
925 1499 1042 1536 latera
1071 1498 1188 1536 ardua
1216 1499 1336 1536 cernit

130 1558 297 1595 Atlantis
328 1558 422 1604 duri,
453 1558 601 1595 caelum
631 1558 695 1606 qui
724 1558 862 1595 vertice
893 1558 1007 1604 fulcit,

130 1617 306 1662 Atlantis,
337 1618 506 1655 cinctum
535 1617 686 1654 assidue
716 1618 775 1654 cui
806 1618 971 1654 nubibus
1001 1618 1088 1656 atris

130 1676 334 1726 piniferum
364 1682 479 1725 caput
507 1683 543 1713 et
572 1682 686 1713 vento
715 1676 882 1724 pulsatur
911 1684 947 1713 et
976 1677 1098 1722 imbri,

131 1737 196 1773 nix
225 1747 379 1773 umeros
408 1735 533 1773 infusa
563 1736 667 1784 tegit,
696 1742 776 1772 turn
806 1735 964 1772 flumina
992 1743 1123 1773 mento

130 1795 381 1844 praecipitant
411 1796 522 1840 senis,
553 1801 590 1832 et
618 1795 741 1843 glacie
770 1795 867 1843 riget
895 1794 1047 1832 horrida
1076 1796 1204 1834 barba.

132 1855 209 1892 Hic
237 1856 403 1904 primum
433 1855 587 1903 paribus
616 1855 740 1891 nitens
770 1853 964 1903 Cyllenius
993 1855 1060 1892 alis

132 1915 321 1960 constitit3
361 1914 449 1951 hinc
475 1920 557 1951 toto
586 1925 770 1962 praeceps
800 1925 841 1950 se
870 1925 1029 1962 corpore
1060 1914 1108 1951 ad
1137 1914 1261 1952 undas

131 1973 241 2018 misit,
272 1974 329 2010 avi
360 1973 500 2018 similis,
532 1985 631 2022 quae
661 1973 805 2010 circum
834 1973 952 2018 litora,
985 1974 1127 2011 circum

132 2032 306 2081 piscosos
335 2033 516 2081 scopulos
546 2032 695 2069 humilis
726 2032 827 2069 volat
855 2044 1022 2081 aequora
1050 2033 1165 2071 iuxta.

132 2091 250 2128 Haud
279 2091 384 2128 aliter
414 2099 531 2128 terras
560 2092 656 2129 inter
686 2092 910 2140 caelumque
938 2091 1091 2128 volabat

131 2149 216 2187 litus
245 2149 477 2187 harenosum
508 2148 590 2202 [ad]
622 2150 765 2200 Libyae
794 2158 1006 2200 ventosque
1036 2152 1189 2188 secabat

131 2217 306 2247 materno
337 2211 492 2247 veniens
521 2211 569 2247 ab
598 2223 669 2247 avo
700 2210 872 2259 Cyllenia
900 2210 1037 2259 proles.

131 2267 185 2305 Ut
213 2270 379 2317 primum
408 2268 515 2305 alatis
544 2269 665 2318 tetigit
693 2269 856 2318 magalia
883 2269 1033 2318 plantis,

131 2328 291 2364 Aenean
321 2327 547 2364 fundantem
576 2340 682 2366 arces
712 2341 757 2366 ac
786 2334 885 2366 tecta
914 2334 1118 2366 novantem

132 2387 330 2436 conspicit.
390 2387 518 2435 Atque
547 2387 598 2424 illi
629 2388 798 2425 stellatus
826 2387 971 2437 iaspide
1000 2387 1101 2424 fulva

132 2446 232 2483 ensis
261 2452 352 2492 erat,
381 2446 576 2496 Tyrioque
605 2446 761 2484 ardebat
789 2447 933 2485 murice
962 2446 1072 2484 laena

1459 566 1520 596 230

1411 1138 1417 1144 ’
1459 1159 1521 1188 240

1459 1455 1519 1488 245

1459 1751 1521 1783 250

1458 2048 1517 2079 255

1462 2329 1522 2360 260
