1669 2737
143 85 199 123 60
701 88 987 125 GEORGICA.

146 197 232 235 Nec
260 209 346 235 mos
375 197 562 235 bellantes
590 209 669 235 una
699 196 900 242 stabulare,
931 197 1000 234 sed
1029 197 1123 234 alter

146 257 265 294 victus
295 256 385 302 abit,
415 257 609 306 longeque
640 257 781 305 ignotis
810 256 958 293 exsulat
985 256 1074 301 oris,

145 317 265 354 multa
293 328 453 365 gemens
482 317 735 365 ignominiam
765 316 973 365 plagasque
1003 314 1157 364 superbi

146 376 309 421 victoris,
341 382 421 412 tum
451 387 550 425 quos
579 376 704 412 amisit
732 375 875 412 inultus
905 386 1066 419 amores,

147 441 184 471 et
214 434 360 471 stabula
390 442 592 483 aspectans
621 435 750 483 regnis
780 434 943 472 excessit
972 434 1090 471 avitis.

148 493 252 542 Ergo
282 494 390 530 omni
419 506 510 530 cura
538 494 634 531 vires
664 501 825 539 exercet,
857 500 895 531 et
922 493 1020 529 inter

149 552 244 589 dura
272 552 368 589 iacet
398 553 531 601 pernix
562 553 721 590 instrato
750 565 844 590 saxa
872 552 986 589 cubili

149 611 349 648 frondibus
378 611 531 649 hirsutis
560 619 598 649 et
625 612 746 650 carice
775 619 909 661 pastus
939 618 1060 657 acuta,

149 678 187 708 et
215 677 376 719 temptat
405 683 500 717 sese,
530 678 645 720 atque
674 672 785 709 irasci
814 672 853 708 in
882 683 1026 708 cornua
1055 668 1165 707 discit

151 730 297 767 arboris
326 730 494 768 obnixus
523 737 669 777 trunco,
700 738 912 780 ventosque
939 729 1091 767 lacessit

150 791 299 835 ictibus,
330 796 367 827 et
396 802 529 839 sparsa
552 791 600 828 ad
629 803 802 840 pugnam
831 790 997 840 proludit
1025 789 1178 827 harena.

151 851 246 889 Post
273 852 338 889 ubi
367 852 571 890 collectum
599 854 716 890 robur
744 853 918 901 viresque
947 851 1122 897 refectae,

153 912 262 961 signa
291 919 430 956 movet,
461 925 722 962 praecepsque
751 913 912 950 oblitum
940 911 1056 949 fertur
1085 911 1123 947 in
1153 909 1329 947 hostem:

152 972 289 1009 fluctus
318 973 381 1018 uti,
413 973 541 1010 medio
571 974 700 1022 coepit
729 984 817 1010 cum
847 972 1040 1009 albescere
1070 976 1204 1018 ponto,

152 1032 304 1080 longius
334 1044 382 1069 ex
412 1032 565 1081 altoque
595 1033 720 1069 sinum
749 1032 872 1077 trahit,
902 1038 1019 1080 utque
1048 1029 1199 1068 volutus

153 1093 202 1129 ad
231 1099 347 1129 terras
376 1092 544 1130 immane
574 1099 686 1130 sonat
715 1105 784 1142 per
815 1103 907 1128 saxa
935 1102 1062 1138 neque
1091 1090 1178 1138 ipso

153 1157 285 1188 monte
315 1152 441 1188 minor
469 1151 699 1201 procumbit,
730 1157 767 1187 at
796 1151 873 1189 ima
902 1155 1099 1186 exaestuat
1125 1146 1229 1184 unda

154 1212 355 1249 verticibus
384 1212 611 1260 nigramque
640 1211 713 1248 alte
743 1211 930 1248 subiectat
957 1209 1153 1246 harenam.

209 1270 337 1308 Omne
367 1270 465 1308 adeo
494 1283 617 1319 genus
646 1270 685 1307 in
714 1270 820 1306 terris
849 1268 1127 1316 hominumque
1158 1265 1413 1314 ferarumque,

155 1337 192 1369 et
220 1341 342 1379 genus
372 1342 619 1379 aequoreum,
648 1329 817 1378 pecudes
846 1328 1047 1376 pictaeque
1076 1325 1261 1370 volucres,

156 1392 195 1428 in
224 1390 338 1427 furias
367 1389 574 1438 ignemque
604 1395 742 1426 ruunt:
782 1388 905 1425 Amor
935 1387 1116 1424 omnibus
1146 1385 1260 1422 idem.

157 1452 354 1500 Tempore
384 1462 463 1487 non
493 1450 567 1487 alio
598 1449 810 1487 catulorum
839 1447 958 1485 oblita
987 1447 1122 1484 leaena

157 1512 305 1549 saevior
335 1510 469 1546 erravit
498 1509 656 1558 campis,
687 1520 759 1545 nec
789 1508 923 1544 funera
951 1506 1067 1555 vulgo

158 1578 237 1608 tam
265 1568 384 1605 multa
413 1567 594 1605 informes
623 1568 700 1605 ursi
730 1575 971 1615 stragemque
1004 1564 1144 1602 dedere

158 1642 226 1679 per
255 1628 389 1674 silvas;
430 1635 510 1665 turn
539 1640 675 1666 saevus
705 1640 807 1676 aper,
837 1633 919 1663 tum
949 1625 1116 1674 pessima
1146 1623 1275 1672 tigris:

158 1689 233 1726 heu
262 1687 362 1724 male
392 1694 472 1724 tum
503 1686 648 1736 Libyae
678 1687 769 1724 solis
798 1692 941 1723 erratur
970 1685 1008 1720 in
1038 1683 1149 1731 agris.

159 1747 304 1785 Nonne
334 1746 452 1790 vides,
482 1753 523 1783 ut
552 1753 632 1783 tota
661 1752 802 1782 tremor
830 1749 1059 1793 pertemptet
1088 1753 1276 1790 equorum

160 1818 335 1855 corpora,
366 1807 396 1842 si
427 1811 576 1842 tantum
605 1812 716 1842 notas
745 1804 844 1841 odor
872 1802 994 1840 attulit
1023 1801 1160 1838 auras?

159 1868 219 1904 Ac
248 1877 374 1914 neque
404 1876 472 1901 eos
504 1865 580 1901 iam
610 1864 717 1901 frena
745 1863 866 1900 virum
894 1872 1020 1910 neque
1049 1860 1206 1897 verbera
1235 1870 1358 1902 saeva,

160 1940 241 1964 non
271 1925 419 1974 scopuli
448 1937 638 1974 rupesque
668 1935 783 1962 cavae
813 1929 927 1971 atque
955 1921 1106 1958 obiecta
1134 1919 1330 1956 retardant

160 1987 319 2025 flumina
348 1992 623 2034 correptosque
652 1984 757 2022 unda
784 1982 1001 2032 torquentia
1028 1987 1192 2017 montes.

161 2048 251 2096 Ipse
280 2046 352 2082 ruit
381 2045 591 2093 dentesque
623 2042 831 2081 Sabellicus
860 2041 1011 2078 exacuit
1040 2051 1114 2084 sus,

161 2116 198 2147 et
227 2107 327 2157 pede
355 2106 568 2156 prosubigit
597 2112 748 2149 terram,
777 2103 884 2141 fricat
913 2102 1047 2138 arbore
1077 2106 1214 2144 costas,

162 2176 277 2218 atque
307 2167 394 2204 hinc
424 2174 539 2215 atque
567 2165 668 2202 illinc
698 2175 853 2201 umeros
882 2162 932 2199 ad
960 2161 1114 2198 vulnera
1143 2160 1262 2198 durat.

162 2227 267 2274 Quid
296 2226 451 2271 iuvenis,
483 2236 669 2273 magnum
699 2223 759 2261 cui
788 2228 911 2259 versat
939 2221 978 2257 in
1006 2219 1158 2257 ossibus
1187 2220 1317 2266 ignem

162 2288 279 2326 durus
308 2286 441 2323 amor?
499 2284 654 2332 Nempe
684 2282 853 2331 abruptis
882 2281 1033 2318 turbata
1061 2279 1236 2327 procellis

161 2353 277 2385 nocte
306 2350 413 2382 natat
442 2355 559 2381 caeca
589 2355 694 2380 serus
723 2341 840 2387 freta;
880 2351 996 2389 quem
1026 2350 1141 2387 super
1171 2337 1308 2386 ingens

162 2412 273 2456 porta
301 2409 409 2442 tonat
438 2403 543 2447 caeli,
573 2409 611 2439 et
640 2400 807 2450 scopulis
835 2399 931 2437 illisa
959 2397 1168 2435 reclamant

163 2475 355 2515 aequora;
398 2472 470 2498 nee
499 2460 625 2498 miseri
653 2465 817 2510 possunt
844 2469 1022 2496 revocare
1051 2461 1230 2507 parentes

1475 266 1536 298 225

1478 564 1543 596 230

1481 863 1540 895 235

1483 1160 1545 1189 240

1484 1458 1544 1490 245

1487 2051 1549 2083 255

1491 2340 1552 2372 260
