1669 2737
141 106 219 134 102
718 99 944 136 AENEIS.

137 207 329 244 occultum
359 206 518 256 inspires
548 206 678 255 ignem
708 206 891 256 fallasque
919 208 1093 245 veneno?

136 266 249 303 Paret
277 268 399 303 Amor
428 266 536 303 dictis
567 279 677 303 carae
706 268 919 316 genetricis,
949 274 986 304 et
1014 268 1092 304 alas

137 327 240 363 exuit
270 332 307 362 et
336 336 470 374 gressu
498 326 671 374 gaudens
700 326 841 363 incedit
869 327 951 364 Iuli.

87 393 98 401 ⁰
136 386 189 421 At
217 384 352 422 Venus
382 384 553 422 Ascanio
583 385 775 434 placidam
804 398 872 434 per
899 386 1072 423 membra
1101 385 1267 435 quietem

135 444 273 493 irrigat,
303 451 341 481 et
370 444 491 481 fotum
521 445 668 493 gremio
698 445 771 482 dea
799 445 895 482 tollit
924 445 962 482 in
989 445 1087 482 altos

135 502 279 540 Idaliae
307 504 424 548 lucos,
455 504 519 540 ubi
547 504 671 541 mollis
700 515 899 542 amaracus
928 504 1032 541 illum

134 562 292 600 floribus
321 570 357 599 et
386 562 485 599 dulci
514 564 686 612 aspirans
715 563 979 613 complectitur
1007 564 1153 601 umbra.

135 621 296 671 Iamque
326 623 403 658 ibat
432 622 533 659 dicto
563 634 702 671 parens
732 629 768 660 et
797 623 900 660 dona
929 623 1082 672 Cupido

133 681 239 728 regia
268 681 444 729 portabat
473 681 600 729 Tyriis
630 682 727 719 duce
757 681 877 719 laetus
907 682 1066 719 Achate.

135 738 236 776 Cum
265 740 376 785 venit,
407 740 548 777 aulaeis
577 741 654 776 iam
684 753 724 777 se
754 741 886 789 regina
915 742 1087 790 superbis

135 810 250 835 aurea
279 800 497 848 composuit
526 800 676 849 sponda
705 800 948 850 mediamque
977 800 1135 845 locavit;

134 857 210 893 iam
239 866 345 907 pater
372 860 525 897 Aeneas
554 866 591 897 et
620 860 697 897 iam
725 859 896 896 Troiana
924 860 1097 897 iuventus

134 918 377 961 conveniunt,
410 925 603 968 stratoque
632 930 747 967 super
777 919 1026 956 discumbitur
1055 927 1172 956 ostro.

133 975 238 1013 Dant
267 978 444 1014 manibus
474 977 604 1014 famuli
633 977 820 1026 lymphas,
852 977 1109 1026 Cereremque
1139 977 1311 1015 canistris

133 1036 354 1084 expediunt,
384 1037 582 1085 tonsisque
613 1037 738 1074 serunt
766 1037 947 1074 mantelia
976 1037 1081 1074 villis.

134 1094 426 1145 Quinquaginta
455 1096 557 1133 intus
587 1096 762 1141 famulae,
792 1096 930 1144 quibus
959 1096 1089 1133 ordine
1118 1096 1236 1145 longo

133 1167 224 1192 cura
251 1168 395 1204 penum
425 1162 566 1193 struere
595 1163 632 1192 et
660 1155 826 1192 flammis
855 1155 1008 1192 adolere
1038 1164 1219 1204 penates;

133 1222 287 1252 centum
317 1215 410 1252 aliae
441 1215 677 1263 totidemque
706 1227 817 1263 pares
846 1221 967 1252 aetate
997 1215 1170 1259 ministri,

133 1274 198 1323 qui
227 1274 389 1322 dapibus
418 1286 572 1311 mensas
603 1281 762 1311 onerent
791 1280 828 1310 et
856 1273 996 1322 pocula
1026 1282 1185 1323 ponant.

133 1333 217 1370 Nec
247 1345 326 1370 non
355 1341 392 1370 et
420 1333 527 1381 Tyrii
557 1345 624 1382 per
653 1333 782 1369 limina
812 1333 908 1370 laeta
938 1332 1154 1382 frequentes

133 1404 357 1437 convenere,
387 1393 476 1429 toris
506 1392 596 1429 iussi
625 1391 866 1429 discumbere
895 1392 1017 1440 pictis.

132 1451 319 1489 Mirantur
348 1453 452 1489 dona
481 1452 648 1497 Aeneae,
678 1452 863 1488 mirantur
892 1452 1018 1488 Iulum

131 1512 414 1561 flagrantesque
444 1511 505 1549 dei
535 1511 656 1548 vultus
685 1511 936 1560 simulataque
965 1513 1081 1549 verba

130 1572 348 1620 pallamque
377 1577 414 1607 et
442 1571 587 1619 pictum
616 1583 755 1608 croceo
785 1571 959 1609 velamen
989 1572 1166 1610 acantho.

131 1631 339 1681 Praecipue
368 1630 508 1675 infelix,
540 1631 636 1679 pesti
666 1631 804 1668 devota
833 1631 991 1677 futurae,

131 1691 273 1741 expleri
301 1697 470 1728 mentem
499 1691 631 1739 nequit
659 1690 896 1739 ardescitque
926 1690 1071 1728 tuendo

130 1751 354 1797 Phoenissa,
385 1758 421 1788 et
450 1750 589 1799 pariter
617 1762 736 1799 puero
765 1750 953 1799 donisque
981 1758 1165 1789 movetur.

130 1811 198 1849 Ille
227 1811 292 1848 ubi
322 1810 526 1859 complexu
555 1811 712 1847 Aeneae
742 1810 918 1859 colloque
947 1811 1130 1859 pependit

131 1878 168 1909 et
196 1882 381 1918 magnum
410 1869 492 1906 falsi
521 1869 689 1918 implevit
717 1870 898 1918 genitoris
929 1881 1110 1914 amorem,

129 1930 303 1979 reginam
333 1930 438 1978 petit.
497 1928 608 1966 Haec
638 1929 769 1973 oculis,
800 1928 894 1966 haec
924 1936 1079 1977 pectore
1110 1935 1192 1966 toto

129 1989 259 2027 haeret
288 1994 324 2025 et
353 1988 543 2025 interdum
573 1988 721 2037 gremio
751 1987 862 2033 fovet,
892 1988 1012 2025 inscia
1040 1987 1156 2032 Dido,

130 2048 269 2086 insidat
298 2055 462 2097 quantus
490 2047 653 2084 miserae
682 2047 786 2084 deus.
843 2047 897 2084 At
924 2059 1074 2084 memor
1104 2047 1163 2084 ille

129 2109 260 2146 matris
290 2107 488 2144 Acidaliae
517 2107 700 2156 paulatim
731 2106 884 2144 abolere
915 2106 1130 2155 Sychaeum

128 2168 271 2216 incipit,
301 2173 338 2204 et
367 2167 450 2204 vivo
480 2173 641 2215 temptat
669 2172 904 2214 praevertere
934 2177 1066 2202 amore

128 2228 205 2265 iam
236 2227 383 2275 pridem
414 2226 558 2263 resides
587 2226 739 2262 animos
770 2225 1002 2274 desuetaque
1031 2224 1158 2261 corda.

182 2287 393 2335 Postquam
422 2286 547 2334 prima
576 2285 684 2334 quies
714 2284 845 2333 epulis,
875 2295 1109 2332 mensaeque
1138 2290 1316 2329 remotae,

129 2353 293 2384 crateras
321 2357 486 2394 magnos
517 2350 685 2381 statuunt
714 2350 751 2380 et
778 2344 865 2381 vina
895 2350 1092 2380 coronant.

129 2405 189 2442 Fit
218 2406 393 2455 strepitus
423 2404 531 2441 tectis
559 2415 775 2452 vocemque
804 2415 873 2451 per
902 2402 1030 2451 ampla
1058 2401 1231 2439 volutant

130 2465 242 2511 atria;
284 2462 504 2513 dependent
531 2462 660 2511 lychni
689 2462 928 2511 laquearibus
957 2461 1079 2499 aureis

1467 331 1530 372 690

1466 931 1527 963 700

1464 1524 1526 1557 710

1459 2415 1519 2449 725
