1669 2737
584 78 751 114 LIBER
779 79 830 116 X.
861 73 1073 128 419-496.

143 186 194 225 ire
223 186 325 237 prior
352 185 488 234 Pallas,
518 187 549 226 si
577 200 653 238 qua
681 187 759 226 fors
788 187 939 227 adiuvet
968 201 1105 227 ausum

143 246 283 284 viribus
311 246 530 296 imparibus,
560 259 823 298 magnumque
853 249 904 286 ita
932 249 982 286 ad
1011 249 1162 287 aethera
1191 248 1311 286 fatur:

144 305 238 344 ‘Per
265 307 384 357 patris
412 306 621 356 hospitium
649 314 687 345 et
714 319 880 353 mensas,
911 320 1007 358 quas
1036 308 1184 346 advena
1213 308 1333 352 adisti,

142 372 180 404 te
207 377 354 415 precor,
384 365 531 413 Alcide,
560 367 705 416 coeptis
733 367 954 416 ingentibus
984 367 1096 405 adsis.

143 424 286 463 Cernat
315 425 496 463 semineci
525 425 595 463 sibi
624 438 686 463 me
714 438 848 476 rapere
876 439 981 464 arma
1012 432 1180 472 cruenta,

142 484 402 533 victoremque
430 483 551 522 ferant
578 485 782 522 morientia
810 485 955 523 lumina
985 484 1131 522 Turni.’

143 543 274 581 Audiit
300 543 456 582 Alcides
483 544 659 582 iuvenem
688 556 951 594 magnumque
982 545 1052 582 sub
1083 545 1160 581 imo
1192 535 1195 537 ’

143 602 258 640 corde
286 602 424 651 premit
452 603 636 651 gemitum
665 603 916 653 lacrimasque
947 603 1107 640 effundit
1135 603 1280 641 inanes.

144 662 250 701 Tum
277 664 428 713 genitor
455 671 587 702 natum
617 665 726 703 dictis
756 665 893 702 affatur
921 665 1078 702 amicis:

145 722 250 760 ‘Stat
277 735 346 760 sua
375 723 512 772 cuique
541 724 631 769 dies,
661 725 774 762 breve
803 731 840 762 et
870 724 1109 773 irreparabile
1139 730 1288 772 tempus

144 782 323 819 omnibus
352 788 410 819 est
436 781 557 820 vitae:
598 782 666 820 sed
695 782 838 821 famam
867 783 1072 820 extendere
1102 782 1221 829 factis,

143 841 219 878 hoc
248 840 392 877 virtutis
421 851 529 889 opus.
587 841 730 879 Troiae
759 843 830 879 sub
860 842 1064 878 moenibus
1094 841 1179 878 altis

144 906 201 938 tot
228 900 307 936 nati
335 899 505 937 cecidere
533 899 669 945 deum;
710 901 801 950 quin
831 900 971 937 occidit
1000 912 1077 937 una

147 958 359 1008 Sarpedon,
389 970 476 995 mea
503 960 718 1008 progenies.
776 959 904 996 Etiam
934 971 1003 997 sua
1033 959 1209 996 Turnum

145 1018 223 1056 fata
250 1024 399 1063 vocant,
429 1024 626 1067 metasque
655 1018 732 1055 dati
762 1019 933 1068 pervenit
962 1018 1011 1055 ad
1040 1018 1144 1055 aevi?

148 1078 210 1116 Sic
239 1077 290 1115 ait
317 1084 431 1126 atque
460 1077 592 1114 oculos
622 1076 853 1115 Rutulorum
881 1077 997 1115 reiicit
1026 1077 1134 1115 arvis.

146 1139 199 1175 At
227 1136 350 1175 Pallas
378 1137 530 1186 magnis
559 1137 693 1174 emittit
722 1137 859 1174 viribus
889 1137 1039 1174 hastam

148 1198 362 1247 vaginaque
391 1209 484 1234 cava
512 1196 721 1246 fulgentem
751 1197 888 1246 deripit
918 1209 1063 1235 ensem.

149 1257 218 1295 Illa
245 1257 379 1294 volans
407 1256 527 1293 umeri
556 1262 715 1304 surgunt
744 1268 821 1305 qua
849 1256 1019 1305 tegmina
1050 1269 1200 1295 summa

148 1317 279 1355 incidit
308 1322 421 1366 atque
451 1316 551 1353 viam
581 1315 690 1364 clipei
719 1316 851 1353 molita
880 1328 948 1365 per
976 1328 1062 1354 oras

148 1377 303 1415 tandem
333 1376 446 1413 etiam
474 1388 618 1425 magno
650 1375 799 1413 strinxit
829 1375 875 1413 de
905 1388 1066 1425 corpore
1096 1376 1229 1413 Turni.

150 1436 228 1474 Hic
256 1435 411 1473 Turnus
440 1435 540 1473 ferro
571 1436 784 1485 praefixum
813 1437 930 1473 robur
960 1436 1073 1473 acuto

149 1496 190 1533 in
217 1494 388 1532 Pallanta
416 1494 481 1532 diu
509 1495 648 1532 librans
678 1495 765 1532 iacit
794 1501 908 1543 atque
938 1495 988 1531 ita
1016 1494 1138 1532 fatur:

151 1554 329 1603 ‘Aspice‚
358 1566 452 1591 num
480 1566 593 1603 mage
622 1554 669 1591 sit
698 1560 873 1591 nostrum
902 1553 1132 1602 penetrabile
1162 1553 1304 1591 telum?

151 1613 331 1659 Dixerat;
371 1619 409 1650 at
436 1613 612 1662 clipeum,
643 1620 700 1650 tot
728 1612 813 1650 ferri
843 1619 958 1662 terga,
991 1619 1047 1650 tot
1075 1613 1182 1659 aeris,

153 1684 269 1724 quem
297 1672 406 1722 pellis
434 1674 574 1710 totiens
603 1673 718 1710 obeat
746 1672 982 1710 circumdata
1010 1672 1117 1718 tauri,

152 1732 312 1770 vibranti
341 1733 470 1782 cuspis
499 1733 667 1770 medium
696 1732 973 1769 transverberat
1002 1732 1078 1768 ictu

152 1792 370 1841 loricaeque
398 1803 526 1828 moras
555 1798 592 1829 et
619 1798 752 1840 pectus
781 1790 949 1840 perforat
978 1790 1127 1839 ingens.

154 1851 222 1889 Ille
250 1852 348 1900 rapit
376 1851 541 1889 calidum
570 1851 704 1889 frustra
731 1851 779 1888 de
808 1862 968 1899 corpore
997 1849 1139 1887 telum:

154 1924 231 1950 una
260 1911 472 1962 eademque
501 1912 561 1949 via
589 1911 745 1960 sanguis
775 1911 1002 1960 animusque
1031 1917 1250 1959 sequuntur.

156 1971 308 2010 Corruit
335 1971 376 2008 in
404 1971 562 2018 vulnus3
603 1972 770 2009 sonitum
799 1982 912 2019 super
940 1981 1045 2006 arma
1075 1970 1235 2016 dedere;

155 2037 194 2070 et
221 2037 359 2068 terram
388 2030 567 2068 hostilem
595 2031 763 2068 moriens
792 2030 886 2080 petit
915 2041 981 2066 ore
1012 2036 1181 2066 cruento.

157 2089 285 2137 Quem
315 2089 471 2127 Turnus
502 2102 616 2138 super
645 2090 825 2128 assistens

157 2148 361 2194 ‘Arcades,
391 2147 510 2186 haec’
539 2149 662 2198 inquit
691 2152 906 2186 ‘memores
935 2160 1022 2185 mea
1051 2146 1152 2184 dicta
1181 2145 1315 2185 referte

155 2208 358 2245 Evandro:
398 2207 552 2256 qualem
579 2208 728 2253 meruit,
758 2207 929 2244 Pallanta
957 2207 1118 2243 remitto.

156 2266 340 2315 Quisquis
369 2266 494 2304 honos
523 2266 668 2311 tumuli,
699 2265 883 2316 quidquid
911 2265 1084 2303 solamen
1113 2264 1295 2303 humandi
1325 2272 1393 2312 est,

155 2326 303 2375 largior.
363 2324 480 2363 Haud
509 2325 560 2362 illi
589 2326 744 2363 stabunt
772 2326 919 2362 Aeneia
947 2336 1066 2374 parvo

155 2384 342 2434 hospitia.’
398 2384 447 2422 Et
474 2384 582 2422 laevo
613 2385 750 2433 pressit
778 2384 877 2434 pede
905 2383 993 2422 talia
1021 2383 1118 2422 fatus

157 2444 385 2490 exanimem,
414 2443 566 2493 rapiens
595 2444 778 2481 immania
807 2443 979 2493 pondera
1007 2443 1121 2481 baltei

1446 73 1527 127 285

1466 313 1529 354 460

1470 609 1530 648 465

1474 1212 1535 1243 475

1477 1502 1540 1543 480

1479 2104 1543 2136 490

1478 2400 1540 2431 495
