1669 2737
537 89 704 124 LIBER
734 89 813 125 ΠΙ.
844 96 871 133 4
874 82 959 144 58-
961 92 986 136 5
991 97 1014 138 3
1020 94 1058 137 5.

105 198 218 236 tussis
245 198 382 236 anhela
411 210 499 236 sues
530 210 574 235 ac
604 198 780 235 faucibus
810 197 916 246 angit
947 197 1087 235 obesis.

104 255 261 294 Labitur
289 257 421 295 infelix
450 257 663 295 studiorum
694 264 807 306 atque
837 257 1041 293 immemor
1070 257 1211 294 herbae

104 317 223 353 victor
252 328 374 366 equos
403 316 605 365 fontesque
635 317 813 354 avertitur
843 322 879 353 et
908 315 1007 364 pede
1037 322 1175 352 terram

105 375 238 412 crebra
266 375 368 422 ferit;
408 375 597 412 demissae
627 387 749 419 aures,
778 375 946 411 incertus
976 374 1119 411 ibidem

104 433 221 470 sudor
249 441 286 471 et
314 435 374 471 ille
404 434 560 483 quidem
590 435 781 471 morituris
812 434 980 482 frigidus,
1011 442 1090 470 aret

103 491 210 540 pellis
240 499 278 530 et
306 493 355 530 ad
383 499 528 530 tactum
557 494 732 530 tractanti
764 494 857 530 dura
886 493 1036 530 resistit.
1110 535 1121 545 .

105 550 214 588 Haec
243 559 331 589 ante
359 553 516 590 exitium
546 553 678 601 primis
710 553 803 589 dant
833 552 942 601 signa
971 552 1129 598 diebus;

104 610 162 646 sin
191 611 230 647 in
258 623 441 660 processu
470 613 597 660 coepit
625 612 848 649 crudescere
877 611 1050 655 morbus,

103 677 183 705 tum
212 682 302 707 vero
331 671 506 708 ardentes
535 671 636 708 oculi
665 678 778 719 atque
809 677 989 707 attractus
1019 671 1068 707 ab
1099 670 1174 707 alto

105 729 267 776 spiritus,
298 730 488 767 interdurn
517 731 662 779 gemitu
693 730 831 778 gravis,
862 730 1015 778 imaque
1045 729 1166 777 longo

103 787 165 824 ilia
194 789 361 837 singultu
390 789 564 834 tendunt,
594 790 620 825 it
649 789 806 826 naribus
835 796 916 825 ater

104 847 272 894 sanguis,
301 855 338 884 et
367 849 544 885 obsessas
574 848 703 886 fauces
733 848 870 896 premit
899 859 1032 896 aspera
1062 847 1203 895 lingua.

104 904 250 942 Profuit
278 907 422 945 inserto
452 907 582 944 latices
612 907 813 944 infundere
844 919 967 944 cornu

104 963 301 1012 Lenaeos;
342 978 388 1003 ea
416 967 496 1003 visa
524 966 625 1003 salus
655 966 905 1003 morientibus
934 978 1036 1012 una;

101 1035 197 1065 mox
226 1032 306 1061 erat
334 1025 407 1062 hoc
436 1026 562 1075 ipsum
591 1026 719 1070 exitio,
750 1025 931 1074 furiisque
960 1025 1089 1063 refecti

104 1083 298 1130 ardebant,
328 1085 477 1134 ipsique
507 1096 597 1122 suos
626 1085 702 1121 iam
733 1093 853 1122 morte
884 1085 955 1122 sub
986 1096 1103 1133 aegra

105 1142 158 1191 (di
187 1144 344 1182 meliora
373 1146 445 1194 piis
474 1157 715 1193 erroremque
747 1145 922 1182 hostibus
953 1144 1057 1181 illum
1073 1144 1097 1194 1)

105 1203 284 1242 discissos
313 1205 425 1242 nudis
452 1204 646 1241 laniabant
677 1204 854 1241 dentibus
884 1212 999 1241 artus.

104 1261 207 1300 Ecce
235 1270 362 1301 autem
391 1263 485 1300 duro
515 1262 666 1300 fumans
696 1263 767 1300 sub
797 1275 953 1300 vomere
983 1272 1112 1300 taurus

105 1323 272 1360 concidit
301 1330 339 1360 et
366 1324 529 1360 mixtum
559 1323 704 1372 spumis
734 1325 853 1360 vomit
883 1335 949 1360 ore
981 1335 1156 1361 cruorem

104 1389 372 1432 extremosque
402 1383 475 1420 ciet
503 1383 680 1431 gemitus.
739 1382 774 1419 It
804 1383 920 1420 tristis
951 1390 1077 1419 arator

104 1449 338 1479 maerentem
367 1441 580 1490 abiungens
609 1440 775 1478 fraterna
804 1448 925 1478 morte
956 1442 1171 1485 iuvencum,

104 1509 219 1550 atque
248 1512 364 1549 opere
393 1500 431 1537 in
459 1500 589 1537 medio
620 1500 746 1537 defixa
774 1500 923 1550 reliquit
954 1508 1089 1537 aratra.

106 1560 198 1599 Non
227 1562 385 1598 umbrae
414 1561 576 1598 altorum
605 1572 822 1606 nemorum,
853 1573 931 1597 non
959 1561 1090 1597 mollia
1119 1568 1282 1609 possunt

105 1628 214 1671 prata
242 1633 395 1659 movere
424 1621 606 1664 animum,
638 1632 719 1657 non
748 1621 812 1669 qui
843 1633 910 1669 per
941 1633 1034 1658 saxa
1063 1620 1214 1658 volutus

105 1682 235 1731 purior
263 1682 403 1720 electro
433 1693 614 1730 campum
644 1682 739 1729 petit
769 1682 916 1725 amnis;
956 1688 993 1718 at
1024 1682 1101 1717 ima

107 1742 301 1780 solvuntur
329 1742 456 1786 latera,
486 1748 600 1790 atque
629 1740 763 1777 oculos
796 1748 930 1789 stupor
959 1748 1070 1789 urget
1099 1740 1248 1785 inertes,

107 1802 156 1839 ad
184 1809 398 1850 terramque
426 1800 508 1837 fluit
538 1800 686 1837 devexo
716 1799 889 1848 pondere
920 1801 1058 1837 cervix.

108 1861 213 1908 Quid
241 1862 349 1899 labor
377 1869 442 1898 aut
469 1860 671 1897 benefacta
699 1860 854 1897 iuvant?
913 1861 1004 1909 quid
1033 1873 1187 1898 vomere
1218 1866 1332 1897 terras

107 1921 303 1958 invertisse
331 1920 490 1969 graves?
547 1919 665 1967 Atqui
695 1931 775 1956 non
806 1919 973 1957 Massica
1004 1919 1149 1956 Bacchi

108 1992 276 2025 munera,
306 1992 386 2017 non
415 1979 486 2016 illis
517 1978 653 2029 epulae
683 1991 851 2016 nocuere
884 1986 1083 2028 repostae:

108 2039 305 2077 frondibus
334 2046 372 2076 et
399 2039 500 2076 victu
529 2044 741 2087 pascuntur
772 2038 954 2087 simplicis
985 2038 1133 2082 herbae,

108 2099 246 2147 pocula
275 2106 361 2136 sunt
389 2098 516 2135 fontes
546 2097 677 2146 liquidi
707 2104 820 2145 atque
852 2097 1015 2134 exercita
1046 2108 1159 2133 cursu

108 2158 276 2204 flumina,
306 2170 378 2195 nec
407 2169 566 2194 somnos
596 2157 787 2205 abrumpit
817 2169 907 2193 cura
937 2156 1118 2193 salubreS.

109 2217 304 2265 Tempore
332 2229 413 2253 non
442 2216 515 2253 alio
546 2216 678 2252 dicunt
709 2216 931 2264 regionibus
961 2215 1031 2251 iliis

109 2277 300 2325 quaesitas
329 2276 380 2313 ad
409 2288 515 2313 sacra
543 2276 663 2312 boves
688 2274 847 2311 Iunonis
878 2282 915 2311 et
943 2276 1020 2311 uris

110 2335 317 2384 imparibus
346 2334 481 2372 ductos
511 2334 586 2371 alta
615 2334 664 2370 ad
695 2334 852 2370 donaria
882 2346 1023 2370 currus.

109 2393 214 2442 Ergo
246 2406 361 2442 aegre
391 2394 518 2430 rastris
549 2400 685 2429 terram
715 2393 909 2435 rimantur,
941 2400 977 2428 et
1006 2391 1098 2441 ipsis

110 2454 300 2503 unguibus
331 2452 521 2490 infodiunt
550 2452 688 2501 fruges,
720 2460 948 2501 montesque
979 2464 1046 2501 per
1076 2452 1173 2488 altos

765 2533 841 2559 Fa

1435 390 1497 421 500

1433 982 1497 1013 5¹0

1433 1278 1494 1309 515

1435 1873 1496 1905 525

1436 2167 1498 2199 530

1436 2464 1495 2495 535
