1669 2737
152 66 230 121 176
725 66 950 104 AENEJS.

147 183 187 219 in
215 180 365 218 medios
395 177 509 216 telum
539 176 679 215 torsisti
708 177 852 226 primus
881 176 1061 214 Achivos.

149 242 352 278 Extremus
381 239 564 288 galeaque
595 238 672 274 ima
703 236 873 274 subsedit
902 236 1073 279 Acestes,

149 312 263 338 ausus
291 306 327 336 et
356 299 437 347 ipse
465 309 581 334 manu
611 297 788 333 iuvenum
819 302 1004 343 temptare
1034 294 1216 330 laborem.

151 361 255 398 Tum
284 359 414 395 validis
444 357 565 394 flexos
595 357 792 393 incurvant
819 355 958 392 viribus
988 365 1096 391 arcus

150 432 220 469 pro
250 431 290 456 se
319 419 479 467 quisque
508 417 573 453 viri
603 422 640 452 et
669 415 900 464 depromunt
928 414 1001 451 tela
1030 411 1225 461 pharetris.

152 479 352 527 Primaque
382 488 448 525 per
477 475 623 512 caelum
653 485 768 511 nervo
799 473 978 510 stridente
1009 472 1144 519 sagitta

153 536 383 587 Hyrtacidae
413 535 556 571 iuvenis
585 533 755 570 volucres
785 533 992 570 diverberat
1020 541 1131 568 auras
1147 541 1158 576 ;

153 605 190 635 et
217 597 318 633 venit
345 594 567 642 adversique
597 592 762 640 infigitur
792 592 926 629 arbore
955 591 1057 627 mali.

153 656 351 694 Intremuit
380 654 502 691 malus
531 653 729 701 timuitque
757 652 934 689 exterrita
962 651 1099 700 pennis

154 717 244 762 ales,
274 722 311 752 et
338 714 481 762 ingenti
511 718 719 750 sonuerunt
748 712 878 748 omnia
908 711 1054 760 plausu.

155 776 247 813 Post
275 786 360 812 acer
390 772 613 810 Mnestheus
642 771 808 808 adducto
839 770 1006 808 constitit
1035 780 1136 812 arcu,

155 835 229 872 alta
258 841 402 883 petens,
431 831 645 880 pariterque
674 829 808 866 oculos
836 829 1029 877 telumque
1059 826 1227 864 tetendit.

155 896 226 931 Ast
254 894 375 941 ipsam
405 890 642 927 miserandus
670 901 778 926 avem
809 888 1031 937 contingere
1055 886 1153 924 ferro

156 965 236 990 non
264 951 399 988 valuit:
438 949 563 986 nodos
593 955 630 985 et
658 948 808 984 vincula
836 947 935 984 linea
963 947 1074 995 rupit,

157 1012 263 1061 queis
292 1011 432 1047 innexa
461 1008 599 1057 pedem
629 1007 730 1044 malo
759 1006 953 1055 pendebat
982 1006 1031 1042 ab
1060 1004 1163 1050 alto;

157 1071 218 1108 illa
246 1077 359 1106 notos
389 1075 500 1116 atque
531 1067 605 1103 alta
634 1066 766 1102 volans
795 1065 834 1101 in
864 1063 991 1101 nubila
1020 1063 1127 1111 fugit.

159 1130 262 1167 Turn
291 1127 454 1176 rapidus,
484 1125 708 1162 iamdudum
738 1137 826 1162 arcu
856 1129 1035 1161 contenta
1064 1129 1195 1170 parato

158 1189 232 1225 tela
261 1195 406 1230 tenens,
435 1185 585 1221 fratrem
615 1184 799 1232 Eurytion
829 1183 868 1218 in
897 1188 985 1218 vota
1013 1181 1169 1225 vocavit,

159 1249 234 1285 iarn
263 1257 384 1282 vacuo
413 1245 550 1281 laetam
579 1243 684 1280 caelo
715 1242 941 1290 speculatus,
971 1248 1008 1278 et
1037 1240 1105 1277 alis

159 1306 404 1355 plaudentem
434 1304 542 1352 nigra
571 1302 651 1351 figit
680 1302 751 1338 sub
780 1302 881 1338 nube
911 1300 1140 1338 columbam.

160 1364 313 1402 Decidit
340 1362 525 1400 exanimis
553 1363 744 1410 vitamque
773 1361 921 1409 reliquit
950 1361 986 1397 in
1017 1359 1126 1396 astris

161 1424 335 1463 aetheriis
365 1423 556 1471 fixamque
586 1421 696 1458 refert
725 1421 880 1469 delapsa
908 1420 1097 1468 sagittam.

162 1485 315 1522 Amissa
344 1482 446 1519 solus
476 1482 604 1531 palma
633 1481 836 1529 superabat
866 1480 1052 1523 Acestes;

163 1545 227 1594 qui
256 1552 383 1580 tamen
412 1542 532 1578 ae‘rias
561 1540 677 1578 telum
706 1539 890 1577 contorsit
919 1539 958 1575 in
987 1549 1108 1581 auras,

163 1610 359 1642 ostentans
388 1608 584 1648 artemque
613 1606 720 1649 pater
749 1610 957 1647 arcumque
988 1604 1201 1634 sonantem.

165 1664 241 1701 Hic
270 1661 390 1700 oculis
420 1661 586 1697 subitum
615 1659 788 1696 obiicitur
816 1669 1036 1706 magnoque
1066 1656 1229 1693 futurum

165 1722 323 1771 augurio
353 1725 590 1757 monstrum:
631 1717 761 1755 docuit
790 1723 878 1766 post
907 1717 1028 1753 exitus
1058 1716 1206 1763 ingens,

166 1792 324 1829 seraque
353 1779 501 1817 terrifici
530 1778 746 1815 cecinerunt
774 1776 905 1813 omina
935 1782 1047 1812 vates.

166 1841 346 1889 Namque
374 1838 506 1875 volans
536 1836 686 1885 liquidis
715 1836 753 1872 in
782 1835 947 1872 nubibus
975 1835 1063 1872 arsit
1091 1832 1263 1870 harundo

168 1899 404 1948 signavitque
433 1898 532 1934 viam
560 1896 726 1932 flammis
754 1901 964 1942 tenuesque
993 1893 1147 1930 recessit

168 1964 395 2006 consumpta
423 1957 462 1993 in
490 1962 633 1998 ventos,
667 1954 772 1992 caelo
802 1966 871 1990 ceu
901 1965 1016 2001 saepe
1044 1952 1161 1989 refixa

169 2022 427 2055 transcurrunt
455 2016 676 2062 crinemque
703 2012 869 2050 volantia
898 2012 1020 2049 sidera
1049 2011 1205 2048 ducunt⁴

169 2077 349 2115 Attonitis
377 2075 533 2112 haesere
562 2073 699 2111 animis
729 2083 963 2120 superosque
992 2070 1132 2119 precati

169 2135 357 2174 Trinacrii
387 2134 604 2182 Teucrique
634 2132 711 2177 viri,
741 2143 813 2168 nec
842 2130 1033 2166 maximus
1062 2139 1179 2165 omen

171 2195 301 2232 abnuit
330 2194 491 2237 Aeneas,
522 2191 590 2229 sed
618 2191 759 2228 laetum
788 2188 988 2238 amplexus
1018 2188 1184 2224 Acesten

171 2253 392 2291 muneribus
422 2251 587 2289 cumulat
616 2249 767 2298 magnis
795 2261 840 2286 ac
869 2248 956 2285 talia
985 2247 1103 2284 fatur:

171 2313 324 2357 ‘Sume‚
354 2318 482 2360 pater;
522 2321 611 2346 nam
642 2316 677 2346 te
707 2307 823 2345 voluit
851 2319 917 2343 rex
946 2316 1111 2354 magnus
1139 2303 1296 2354 Olympi

172 2372 308 2410 talibus
338 2370 514 2418 auspiciis
543 2375 734 2405 exsortem
765 2367 904 2405 ducere
933 2365 1108 2402 honores.

174 2432 298 2482 Ipsius
328 2430 519 2468 Anchisae
548 2428 726 2477 longaevi
755 2426 830 2465 hoc
859 2437 999 2463 munus
1027 2424 1196 2469 habebis,

1473 657 1534 690 505

1477 1248 1538 1280 515

1482 1546 1545 1579 520

1486 1844 1547 1876 525

1487 2140 1552 2173 530

1489 2435 1550 2468 535
