1669 2737
573 71 741 105 LIBER
771 72 804 107 J.
837 67 978 121 376-4
981 77 1006 120 5
1011 80 1048 122 3.

121 179 212 229 Ipsa
239 179 415 228 Paphum
445 179 616 217 sublimis
645 181 735 225 abit,
766 181 952 230 sedesque
981 183 1108 220 revisit

120 237 217 276 laeta
245 250 345 283 suas,
374 239 438 275 ubi
467 239 654 288 templum
683 239 745 284 illi,
776 248 1006 289 centumque
1037 241 1186 279 Sabaeo

120 303 201 334 ture
231 297 354 334 calent
381 309 469 334 arae
498 299 682 348 sertisque
711 300 926 337 recentibus
955 299 1094 337 halant.

175 355 402 404 Corripuere
430 356 530 392 viam
559 357 712 401 interea,
743 369 819 406 qua
846 359 981 395 semita
1010 366 1219 396 monstrat:

120 414 273 463 iamque
303 415 561 452 ascendebant
589 415 737 461 collem,
769 416 832 465 qui
862 416 1045 465 plurimus
1075 418 1158 454 urbi

120 474 293 510 imminet
321 474 576 523 adversasque
605 481 777 523 aspectat
806 474 970 523 desuper
1001 487 1120 512 arces.

121 531 281 569 Miratur
308 533 450 569 molem
479 534 644 578 Aeneas,
675 533 839 582 magalia
867 534 1077 582 quondam,

121 591 274 628 miratur
302 598 430 640 portas
460 592 734 641 strepitumque
763 600 799 629 et
829 600 945 630 strata
973 594 1130 631 viarum.

121 649 268 687 Instant
296 651 473 688 ardentes
503 651 620 700 Tyrii,
650 663 737 700 pars
769 651 907 689 ducere
936 664 1068 689 muros

121 709 321 758 molirique
349 722 476 747 arcem
505 718 542 747 et
571 711 748 747 manibus
777 711 998 748 subvolvere
1028 724 1131 756 saxa,

121 780 208 816 pars
236 776 369 817 optare
398 769 527 806 locum
556 778 657 807 tecto
687 778 723 807 et
754 770 982 807 concludere
1013 771 1130 808 sulco.

92 864 95 867 ,
121 827 201 864 iura
228 827 544 876 magistratusque
573 828 704 876 legunt
735 836 984 877 sanctumque
1015 838 1204 867 senatum.

123 885 200 923 Hic
229 895 361 935 portus
389 887 450 923 alii
479 886 686 933 effodiunt;
727 887 815 924 hinc
844 887 919 924 lata
947 888 1099 925 theatris

122 945 372 982 fundamenta
400 953 533 995 petunt
561 946 634 990 alii,
664 947 931 995 immanesque
961 947 1161 984 columnas

122 1005 279 1053 rupibus
309 1004 498 1047 excidunt,
528 1005 677 1042 scaenis
707 1005 847 1042 decora
876 1005 949 1042 alta
978 1005 1132 1043 futuris:

123 1063 244 1112 qualis
272 1075 364 1111 apes
393 1070 536 1100 aestate
565 1075 665 1100 nova
694 1076 761 1112 per
789 1063 906 1100 florea
935 1077 1021 1101 rura

123 1129 274 1159 exercet
301 1123 373 1159 sub
403 1122 482 1159 sole
512 1122 630 1166 labor,
662 1134 749 1159 cum
779 1123 900 1170 gentis
931 1123 1079 1161 adultos

123 1181 290 1218 educunt
318 1180 426 1226 fetus,
457 1188 521 1218 aut
549 1193 636 1218 cum
666 1182 845 1230 liquentia
874 1182 986 1218 mella

123 1241 266 1289 stipant
294 1247 331 1276 et
359 1239 458 1276 dulci
488 1239 710 1277 distendunt
739 1248 890 1277 nectare
920 1241 1043 1286 cellas,

124 1308 189 1335 aut
218 1310 336 1335 onera
364 1299 555 1346 accipiunt
584 1299 814 1344 venientum,
846 1307 910 1336 aut
938 1301 1092 1348 agmine
1122 1300 1225 1338 sacto

123 1358 305 1406 ignavum
334 1357 442 1394 fucos
470 1369 587 1406 pecus
616 1370 638 1393 a
666 1358 912 1406 praesepibus
941 1367 1089 1403 arcent;

124 1417 240 1454 fervet
268 1428 377 1465 opus,
406 1416 654 1464 redolentque
682 1416 814 1464 thymo
844 1416 1046 1465 fragrantia
1075 1417 1199 1454 mella.

126 1474 185 1512 ‘O
215 1475 403 1519 fortunati,
435 1486 599 1524 quorum
629 1475 705 1511 iam
734 1476 888 1511 moenia
918 1475 1122 1524 surguntl'

125 1535 277 1572 Aeneas
306 1534 366 1578 ait,
397 1541 434 1571 et
463 1534 615 1581 fastigia
645 1534 802 1582 suspicit
830 1534 943 1571 urbis.

125 1592 244 1630 Infert
273 1605 313 1630 se
343 1600 496 1641 saeptus
525 1593 665 1629 nebula
694 1593 880 1643 (mirabile
912 1591 1030 1641 dictu)

125 1664 194 1701 per
222 1652 370 1688 medios
399 1652 610 1699 miscetque
640 1652 737 1696 viris,
767 1664 893 1701 neque
923 1653 1087 1689 cernitur
1116 1652 1192 1690 ulli.

180 1710 310 1748 Lucus
338 1710 377 1746 in
404 1710 498 1747 urbe
528 1709 595 1747 fuit
624 1710 761 1755 media,
791 1710 1018 1747 laetissimus
1047 1711 1194 1756 umbra,

127 1782 204 1820 quo
234 1770 398 1818 primum
426 1770 552 1806 iactati
581 1769 693 1806 undis
723 1778 760 1806 et
788 1770 938 1806 turbine
966 1769 1087 1806 Poeni

129 1829 296 1866 effodere
325 1828 412 1866 loco
442 1828 607 1877 signum,
637 1829 743 1877 quod
772 1829 877 1877 regia
905 1828 1004 1865 Iuno

127 1895 366 1933 monstrarat,
398 1895 512 1935 caput
541 1888 637 1924 acris
667 1888 780 1936 equi:
824 1888 877 1924 sic
906 1900 996 1924 nam
1026 1887 1105 1924 sore
1135 1887 1235 1925 bello

128 1947 323 1995 egregiam
353 1953 390 1983 et
419 1946 569 1983 facilem
597 1946 698 1983 victu
726 1958 794 1995 per
824 1946 975 1983 saecula
1004 1956 1171 1994 gentem.

129 2005 207 2043 Hic
236 2006 422 2055 templum
450 2005 591 2042 Iunoni
619 2005 756 2052 ingens
786 2005 943 2042 Sidonia
972 2004 1076 2041 Dido

129 2064 330 2110 condebat,
359 2064 471 2101 donis
499 2064 724 2112 opulentum
754 2071 791 2100 et
819 2064 975 2100 numine
1006 2063 1125 2107 divae,

129 2136 240 2161 aerea
269 2124 328 2161 cui
356 2123 537 2172 gradibus
567 2123 773 2170 surgebant
802 2122 932 2159 limina
960 2134 1159 2172 nexaeque

129 2195 216 2221 aere
243 2183 381 2227 trabes,
410 2182 555 2219 foribus
585 2181 701 2218 cardo
731 2181 912 2218 stridebat
940 2181 1055 2217 ae'nis.

131 2241 221 2279 Hoc
250 2241 414 2290 primum
433 2232 482 2277 'in
510 2240 598 2277 luco
627 2252 727 2276 nova
756 2252 815 2276 res
845 2239 972 2275 oblata
1001 2240 1178 2276 timorem

130 2300 243 2345 leniit,
273 2300 334 2337 hic
365 2300 531 2348 primum
561 2299 714 2335 Aeneas
746 2309 897 2345 sperare
928 2297 1089 2334 salutem

131 2372 244 2397 ausus
273 2366 311 2396 et
339 2358 484 2396 afflictis
511 2357 646 2394 melius
676 2357 869 2394 confidere
898 2357 1022 2392 rebus.

131 2418 309 2467 Namque
338 2419 408 2455 sub
437 2417 582 2466 ingenti
612 2416 742 2454 lustrat
772 2415 864 2452 dum
894 2415 1043 2460 singula
1070 2416 1215 2465 templo

1448 199 1507 227 415

1447 490 1512 519 420

1449 785 1511 816 425

1451 1081 1515 1110 430

1452 1375 1513 1406 435

1456 1669 1518 1699 440

1458 1963 1520 1993 445

1458 2256 1524 2286 450
