1669 2737
138 88 154 115 1
163 75 216 128 96
712 80 936 117 AENEIS.

133 196 171 228 et
199 196 363 228 statuent
391 191 580 228 tumulum
611 198 648 229 et
677 190 824 230 tumulo
854 190 1053 229 sollemnia
1082 189 1244 234 mittent,
1456 194 1521 233 380

135 256 410 300 aeternumque
438 250 547 288 locus
577 250 744 287 Palinuri
774 263 918 288 nomen
946 250 1123 286 habebit?

136 308 210 346 His
241 309 348 346 dictis
378 321 489 346 curae
519 316 670 347 emotae
699 310 908 359 pulsusque
936 321 1144 358 parumper

134 368 249 405 corde
279 368 387 405 dolor
415 369 531 415 tristi;
571 369 711 417 gaudet
739 369 971 417 cognomine
1002 376 1132 405 terrae.

186 428 293 476 Ergo
321 428 389 465 iter
417 428 611 477 inceptum
641 435 828 476 peragunt
856 428 1047 477 fluvioque
1077 427 1358 476 propinquant:

134 488 259 524 navita
288 499 387 536 quos
414 487 491 523 iam
519 486 608 523 inde
638 494 678 523 ut
709 486 839 535 Stygia
867 486 1063 535 prospexit
1092 487 1141 522 ab
1169 485 1272 521 unda
1457 491 1518 529 385

133 558 201 594 per
229 547 386 583 taciturn
414 557 551 582 nemus
580 546 632 582 ire
662 546 880 594 pedemque
910 546 1104 582 advertere
1135 546 1250 593 ripae,

134 606 187 643 sic
217 606 320 654 prior
348 605 567 653 aggreditur
597 605 705 642 dictis
736 611 848 653 atque
878 606 1047 653 increpat
1075 604 1198 640 ultro:

135 664 342 713 ‘Quisquis
372 677 424 707 es,
455 671 621 700 armatus
650 664 716 712 qui
744 671 875 701 nostra
903 663 953 700 ad
981 663 1139 700 flumina
1168 662 1303 704 tendis,

134 724 212 762 fare
241 736 324 772 age,
355 724 448 772 quid
477 723 616 767 venias,
648 723 724 759 iam
754 723 874 767 istinc,
905 730 941 759 et
971 722 1183 771 comprime
1212 732 1397 768 gressum.

134 783 367 821 Umbrarum
397 783 457 819 hic
487 783 594 820 locus
624 790 691 826 est,
720 783 847 819 somni
877 782 1076 830 noctisque
1107 791 1291 830 soporae;
1458 794 1520 825 390

133 855 296 892 corpora
324 843 406 879 viva
435 841 542 879 nefas
574 842 704 891 Stygia
733 849 880 878 vectare
910 842 1047 879 carina.

134 902 218 940 Nec
247 914 335 939 vero
364 902 528 939 Alciden
557 914 619 938 me
649 913 734 938 sum
764 902 923 938 laetatus
952 908 1106 938 euntem

134 963 329 1011 accepisse
359 961 443 998 lacu
473 973 545 998 nec
575 961 730 998 Thesea
761 960 1056 1008 Pirithoumque,

135 1023 192 1060 dis
221 1033 456 1071 quamquam
487 1021 603 1069 geniti
634 1027 747 1069 atque
777 1020 903 1057 invicti
931 1020 1070 1057 viribus
1100 1025 1237 1056 essent.

134 1082 361 1119 Tartareum
391 1081 450 1118 ille
480 1093 597 1117 manu
627 1080 827 1117 custodem
856 1081 895 1116 in
924 1080 1046 1116 vincla
1074 1079 1203 1128 petivit
1459 1091 1520 1123 395

134 1142 254 1192 ipsius
284 1153 306 1178 a
335 1140 431 1178 solio
462 1141 572 1188 regis,
604 1140 792 1188 traxitque
821 1146 1044 1176 trementem
1060 1152 1069 1185 ;

134 1202 173 1238 hi
202 1200 401 1238 dominam
431 1198 530 1236 Ditis
561 1199 729 1236 thalamo
761 1199 950 1236 deducere
979 1198 1122 1236 adorti.’

136 1261 247 1307 Quae
277 1266 410 1296 contra
438 1259 598 1295 breviter
626 1259 703 1295 fata
731 1266 788 1296 est
816 1258 1046 1307 Amphrysia
1074 1265 1203 1295 vates:

136 1319 296 1357 ‘Nullae
326 1318 388 1355 hic
417 1318 577 1355 insidiae
606 1318 701 1355 tales
731 1317 887 1368 (absiste
916 1316 1074 1367 moveri)

135 1392 207 1418 nec
237 1378 313 1415 vim
341 1378 414 1414 tela
443 1378 591 1424 ferunt3
632 1378 718 1414 licet
746 1378 883 1426 ingens
912 1377 1049 1414 ianitor
1077 1383 1185 1414 antro
1459 1390 1524 1422 400

136 1447 334 1477 aeternum
364 1436 505 1473 latrans
534 1448 750 1485 exsangues
778 1443 913 1473 terreat
941 1437 1107 1482 umbras,

137 1506 242 1537 casta
270 1497 356 1534 licet
384 1498 507 1546 patrui
536 1504 658 1534 servet
687 1496 918 1545 Proserpina
945 1496 1073 1533 limen.

136 1560 283 1596 Troi‘us
312 1559 475 1601 Aeneas,
505 1558 645 1606 pietate
674 1557 834 1605 insignis
863 1563 901 1593 et
930 1557 1055 1601 armis,

137 1619 186 1657 ad
215 1618 427 1667 genitorem
457 1617 552 1654 imas
582 1617 697 1653 Erebi
728 1616 927 1653 descendit
955 1616 1004 1653 ad
1033 1617 1199 1653 umbras.

139 1679 178 1717 Si
206 1686 243 1715 te
271 1677 375 1714 nulla
403 1684 531 1713 movet
559 1682 686 1713 tantae
715 1676 866 1723 pietatis
894 1676 1034 1724 imago,
1461 1689 1523 1719 405

138 1746 175 1776 at
203 1749 353 1774 ramum
381 1734 504 1772 hunc'
534 1734 671 1785 (aperit
699 1747 859 1779 ramum,
890 1736 954 1783 qui
984 1741 1087 1772 veste
1115 1734 1270 1784 latebat)

138 1801 350 1847 ‘agnoscas
367 1795 395 1842 3'
434 1795 580 1832 tumida
609 1807 656 1831 ex
686 1795 739 1831 ira
768 1801 848 1832 tum
878 1794 994 1831 corda
1024 1794 1214 1838 residunt;

137 1869 210 1894 nec
239 1856 348 1905 plura
375 1855 454 1892 his:
495 1854 554 1891 ille
584 1853 775 1891 admirans
804 1853 1020 1890 venerabile
1049 1853 1194 1890 donum

137 1916 261 1953 fatalis
290 1916 429 1963 virgae,
459 1914 578 1962 longo
609 1920 698 1962 post
727 1919 901 1962 tempore
929 1913 1062 1957 visum,
1099 1922 1118 1942 ο

138 1975 352 2012 caeruleam
382 1973 540 2010 advertit
570 1972 732 2021 puppim
761 1972 942 2021 ripaeque
970 1971 1211 2021 propinquat.
1462 1985 1526 2015 410

138 2034 235 2071 Inde
265 2033 356 2071 alias
385 2032 543 2077 animas,
574 2043 672 2081 quae
701 2043 769 2081 per
798 2032 887 2080 iuga
915 2030 1032 2079 longa
1061 2031 1255 2075 sedebant,

140 2093 315 2131 deturbat
343 2093 520 2140 laxatque
550 2091 654 2128 foros
670 2103 680 2137 3
724 2090 835 2127 simul
863 2089 1000 2138 accipit
1029 2090 1135 2127 alveo

139 2153 333 2200 ingentem
364 2151 536 2188 Aenean.
593 2149 750 2187 Gemuit
779 2149 850 2187 sub
879 2149 1049 2198 pondere
1079 2150 1217 2198 cymba

140 2212 257 2249 sutilis
287 2217 324 2248 et
352 2211 511 2247 multam
540 2210 687 2259 aceepit
714 2210 856 2246 rimosa
883 2207 1076 2258 paludem.
1129 2222 1155 2254 ς

139 2269 320 2308 Tandem
349 2276 453 2307 trans
482 2269 637 2306 fluvium
666 2269 866 2306 incolumis
895 2274 1096 2316 vatemque
1126 2267 1324 2316 virumque
1461 2282 1522 2314 4¹5

139 2329 292 2366 informi
320 2328 411 2366 limo
440 2328 651 2377 glaucaque
681 2327 839 2376 exponit
867 2327 906 2363 in
934 2327 1028 2363 ulva.

194 2388 384 2426 Cerberus
413 2387 507 2424 haec
536 2388 672 2436 ingens
702 2386 835 2423 latratu
864 2397 983 2434 regna
1011 2384 1158 2422 trifauci

140 2453 332 2498 personat,
363 2447 523 2484 adverso
552 2447 740 2484 recubans
769 2445 945 2482 immanis
975 2445 1013 2482 in
1042 2451 1161 2482 antro.
