1669 2737
590 99 758 133 LIBER
786 99 841 136 Π.
874 92 1056 146 68--145.

136 207 381 257 Prosequitur
408 206 581 255 pavitans
610 213 647 244 et
676 207 765 245 ficto
793 215 948 257 pectore
977 209 1095 245 fatur:

190 271 234 289 “‘
248 267 372 318 Saepe
402 267 533 317 fugam
562 267 685 304 Danai
715 267 833 305 Troia
862 269 1014 318 cupiere
1044 269 1173 306 relicta

134 328 256 366 moliri
284 334 322 365 et
349 328 468 377 longo
498 327 586 365 sessi
616 328 809 366 discedere
839 329 963 374 bello;

133 388 387 438 fecissentque
416 388 585 425 utinam!
624 400 738 437 saepe
767 388 851 425 illos
880 400 1015 437 aspera
1043 388 1153 437 ponti

133 447 340 485 interclusit
367 447 528 497 hiemps,
559 454 597 485 et
625 449 753 485 terruit
782 448 922 485 Auster
950 454 1094 485 euntes.

133 506 340 556 Praecipue
369 519 458 544 curn
486 508 562 544 iam
592 507 653 545 hic
684 508 851 545 trabibus
882 515 1084 545 contextus
1114 507 1261 544 acernis

132 573 244 603 staret
273 578 404 616 equus,
434 572 516 604 toto
547 574 757 604 sonuerunt
787 567 937 604 aethere
967 567 1097 604 nimbi.

134 624 315 674 Suspensi
344 625 579 675 Eurypylum
609 627 808 663 scitantem
838 627 991 664 oracula
1021 625 1166 663 Phoebi

131 684 325 730 mittimus,
353 685 462 734 isque
491 685 612 734 adytis
641 685 736 723 haec
765 686 882 723 tristia
913 687 1012 723 dicta
1041 692 1232 735 reportat:

133 743 352 793 ‘Sanguine
381 744 558 792 placastis
586 750 720 781 ventos
751 751 788 781 et
817 745 962 794 virgine
992 757 1115 788 caesa,

131 815 219 839 cum
248 802 414 852 primum
444 803 590 847 Iliacas,
621 803 759 849 Danai,
790 805 941 841 venistis
970 804 1019 841 ad
1048 816 1160 841 oras:

131 863 316 911 sanguine
346 862 554 912 quaerendi
583 862 734 908 reditus,
767 863 972 912 animaque
1002 863 1190 899 litandum

129 921 332 970 Argolica.'
391 921 506 970 Vulgi
537 934 634 970 quae
663 934 738 959 vox
767 928 808 958 ut
837 923 939 959 venit
968 922 1016 959 ad
1045 935 1165 966 aureS,

129 981 358 1030 obstupuere
387 981 515 1026 animi,
546 981 772 1030 gelidusque
801 994 869 1030 per
898 982 974 1019 ima
1003 982 1164 1019 cucurrit

129 1052 217 1078 ossa
245 1048 395 1086 tremor,
425 1041 485 1077 cui
515 1040 590 1078 fata
617 1048 764 1090 parent,
795 1053 909 1090 quern
938 1048 1073 1090 poscat
1102 1041 1258 1091 Apollo.

129 1098 207 1137 Hic
235 1100 392 1136 Ithacus
421 1107 547 1137 vatem
576 1112 721 1149 magno
751 1099 961 1138 Calchanta
990 1101 1152 1137 tumultu

128 1159 311 1208 protrahit
339 1160 378 1196 in
407 1160 580 1196 medios:
623 1173 720 1210 quae
751 1161 825 1198 sint
854 1173 899 1198 ea
929 1161 1088 1197 numina
1118 1160 1258 1205 divum,

127 1218 283 1268 flagitat.
342 1218 393 1256 Et
421 1219 513 1256 mihi
543 1220 620 1256 iam
650 1220 758 1257 multi
787 1220 938 1257 crudele
967 1221 1158 1258 canebant

128 1279 278 1316 artificis
308 1279 430 1317 scelus
460 1286 497 1317 et
525 1281 626 1317 taciti
655 1287 813 1317 ventura
841 1281 1031 1317 videbant.

127 1338 192 1376 Bis
222 1339 362 1388 quinos
392 1339 474 1377 silet
502 1339 562 1376 ille
592 1340 673 1376 dies
702 1346 902 1389 tectusque
932 1346 1082 1376 recusat

126 1398 290 1446 prodere
319 1410 412 1436 voce
442 1411 510 1436 sua
539 1410 774 1449 quemquam
804 1406 868 1435 aut
897 1410 1095 1447 opponere
1124 1398 1247 1435 morti.

126 1457 203 1495 Vix
232 1458 399 1503 tandem,
430 1459 581 1507 magnis
611 1458 733 1495 Ithaci
762 1458 993 1495 clamoribus
1021 1466 1138 1503 actus,

126 1517 342 1566 composito
371 1518 513 1566 rumpit
541 1529 687 1561 vocem,
719 1523 755 1554 et
783 1529 846 1554 me
876 1517 1039 1554 destinat
1067 1530 1165 1554 arae.

125 1578 335 1614 Assensere
366 1588 514 1622 omnes,
544 1584 581 1613 et
610 1589 708 1626 quae
739 1576 807 1614 sibi
838 1577 1000 1626 quisque
1029 1577 1188 1613 timebat

125 1636 237 1673 unius
265 1636 305 1673 in
333 1636 460 1673 miseri
488 1637 644 1673 exitium
673 1648 858 1674 conversa
888 1637 1017 1673 tulere.

126 1694 286 1744 Iamque
315 1696 395 1733 dies
423 1695 579 1733 infanda
609 1696 759 1733 aderat:
799 1696 891 1733 mihi
921 1708 1027 1733 sacra
1057 1695 1181 1744 parari

125 1760 163 1791 et
191 1755 313 1792 salsae
342 1755 469 1804 fruges
498 1762 535 1793 et
564 1756 707 1793 circum
736 1762 912 1805 tempora
941 1756 1066 1792 vittae.

124 1813 266 1863 Eripui,
296 1814 427 1860 fateor,
457 1815 532 1852 leto
563 1828 626 1852 me
656 1822 692 1852 et
721 1815 871 1852 vincula
901 1815 997 1863 rupi,

124 1872 340 1922 limosoque
370 1874 455 1911 lacu
484 1887 552 1923 per
579 1881 734 1911 noctem
764 1875 951 1911 obscurus
980 1874 1019 1910 in
1047 1872 1134 1910 ulva

125 1932 263 1978 delitui,
295 1933 387 1970 dum
415 1934 498 1971 vela
527 1934 670 1980 darent,
700 1935 731 1972 si
760 1934 858 1971 forte
886 1933 1092 1970 dedissent.

125 1990 210 2030 Nec
238 1992 330 2030 mihi
358 1994 436 2030 iam
463 1994 625 2042 patriam
655 1994 850 2043 antiquam
880 2005 967 2042 spes
997 1993 1073 2030 ulla
1101 1992 1254 2030 videndi

125 2064 198 2089 nec
227 2053 358 2091 dulces
387 2060 497 2090 natos
526 2060 828 2103 exoptatumque
855 2060 1079 2102 parentem;

126 2124 225 2161 quos
253 2112 304 2149 illi
333 2112 410 2150 fors
440 2120 477 2150 et
505 2125 652 2161 poenas
681 2114 732 2150 ob
761 2120 891 2150 nostra
920 2118 1124 2161 reposcent

125 2171 278 2220 effugia,
307 2178 345 2209 et
373 2172 524 2221 culpam
554 2172 652 2209 hanc
680 2172 906 2210 miserorum
936 2180 1059 2208 morte
1088 2171 1257 2220 piabunt.

127 2230 247 2277 Quod
274 2238 311 2268 te
339 2243 409 2281 per
437 2243 597 2280 superos
627 2238 665 2269 et
694 2231 848 2269 conscia
876 2231 1036 2267 numina
1066 2231 1151 2276 veri,

125 2302 194 2339 per
222 2290 253 2328 si
281 2302 358 2339 qua
386 2296 443 2328 est
472 2303 569 2340 quae
598 2297 712 2329 restet
741 2291 867 2328 adhuc
897 2290 1121 2327 mortalibus
1150 2302 1312 2340 usquam

126 2346 350 2387 inte‘merata
378 2350 484 2396 fides,
513 2362 594 2397 oro,
625 2351 805 2388 miserere
834 2349 1011 2386 laborum

127 2415 332 2455 tantorum,
361 2410 539 2447 miserere
569 2410 686 2448 animi
717 2421 796 2446 non
827 2408 943 2457 digna
972 2408 1157 2446 ferentis.''

184 2468 280 2506 ‘His
309 2469 471 2507 lacrimis
499 2470 615 2507 vitam
644 2469 792 2513 damus,
821 2475 859 2505 et
887 2468 1167 2506 miserescimus
1198 2469 1307 2506 ultro.

1444 104 1520 144 107

1463 402 1522 423 110

1462 698 1517 727 113

1456 2189 1513 2219 ¹40
