1669 2737
141 70 226 114 254
722 70 948 106 AENEJS.

191 173 296 224 Ergo
326 175 455 213 aderat
484 177 671 226 promissa
701 177 782 216 dies
811 185 847 216 et
876 186 1049 228 tempora
1079 178 1222 218 Parcae

138 234 264 271 debita
293 235 538 284 complerant,
568 249 656 274 cum
687 238 812 275 Turni
842 238 976 275 iniuria
1006 238 1172 276 Matrem

138 293 337 331 admonuit
366 295 509 333 ratibus
539 297 656 334 sacris
687 297 877 345 depellere
906 298 1048 335 taedas.

138 351 214 389 Hic
243 354 407 401 primum
437 366 537 394 nova
565 355 628 392 lux
659 356 780 393 oculis
809 356 952 394 offulsit
979 364 1017 394 et
1047 357 1186 406 ingens

137 413 237 449 visus
267 413 314 449 ab
343 414 491 450 Aurora
520 414 668 451 caelum
698 422 953 453 transcurrere
984 417 1149 462 nimbus,

139 470 320 521 Idaeique
349 472 476 518 chori;
516 480 595 509 tum
625 486 700 510 vox
729 474 922 513 horrenda
950 488 1018 524 per
1047 488 1158 513 auras

139 532 277 568 excidit
305 538 341 569 et
371 532 521 569 Troum
551 531 858 584 Rutulorumque
887 535 1042 584 agmina
1072 535 1262 584 complet:

139 590 223 627 ‘Ne
252 590 436 639 trepidate
464 603 582 636 meas,
615 591 767 637 Teucri,
798 593 1003 631 defendere
1035 606 1153 631 naves

139 662 233 688 neve
263 657 405 687 armate
434 662 594 688 manus:
635 652 755 688 maria
783 659 871 690 ante
901 666 1060 690 exurere
1089 654 1225 690 Turno

139 722 255 758 quam
285 721 411 746 sacras
440 709 589 747 dabitur
617 711 741 759 pinus.
798 711 881 749 Vos
912 713 961 749 ite
992 713 1151 758 solutae,

139 770 187 805 ite
218 769 311 806 deae
342 768 494 818 pelagi:
536 769 719 807 Genetrix
749 770 873 808 iubet.’
930 771 978 808 Et
1008 784 1076 809 sua
1105 783 1279 821 quaeque

140 829 322 865 continuo
352 840 501 877 puppes
530 830 761 878 abrumpunt
789 830 939 868 vincula
968 831 1058 880 ripis

141 887 440 936 delphinumque
470 889 589 926 modo
620 889 803 926 demersis
833 902 1000 939 aequora
1029 890 1159 928 rostris

140 947 217 983 ima
244 952 389 995 petunt.
448 946 552 984 Hinc
582 949 773 996 virgineae
803 948 988 998 (mirabile
1017 946 1248 997 monstrum)

141 1004 252 1058 [quot
281 1007 383 1056 prius
414 1014 563 1044 aeratae
592 1014 773 1045 steterant
803 1009 851 1046 ad
881 1009 990 1046 litora
1019 1006 1185 1060 prorae,]

140 1066 304 1103 reddunt
332 1078 372 1103 se
401 1066 561 1103 totidem
591 1066 706 1104 facies
736 1075 935 1117 pontoque
964 1068 1147 1106 feruntur.

195 1125 439 1174 Obstupuere
469 1127 606 1163 animis
637 1126 779 1171 Rutuli,
810 1128 1039 1165 conterritus
1070 1129 1152 1176 ipse

140 1185 298 1222 turbatis
329 1185 531 1233 Messapus
559 1185 676 1233 equis,
708 1194 908 1223 cunctatur
936 1193 972 1223 et
1001 1188 1125 1223 amnis

140 1256 255 1281 rauca
284 1255 428 1281 sonans
456 1252 685 1293 revocatque
714 1245 854 1293 pedem
884 1246 1089 1282 Tiberinus
1119 1246 1166 1282 ab
1196 1244 1283 1282 alto.

142 1304 195 1340 At
223 1315 303 1340 non
332 1303 466 1340 audaci
497 1303 631 1340 Turno
660 1303 798 1341 fiducia
827 1305 960 1350 cessit;

141 1362 237 1400 ultro
267 1363 417 1399 animos
447 1362 541 1399 tollit
570 1363 679 1400 dictis
709 1371 822 1412 atque
851 1364 1022 1413 increpat
1051 1364 1171 1402 ultro:

143 1422 358 1459 ‘Troianos
387 1422 482 1459 haec
511 1429 683 1459 monstra
714 1429 859 1471 petunt,
891 1423 948 1460 his
979 1423 1151 1472 Iuppiter
1179 1424 1260 1471 ipse

143 1483 323 1520 auxilium
351 1482 503 1519 solitum
533 1483 667 1532 eripuit
696 1495 776 1520 non
806 1484 879 1520 tela
910 1496 1035 1532 neque
1066 1485 1174 1532 ignes

143 1550 369 1592 exspectans
400 1542 574 1579 Rutulos.
631 1543 736 1592 Ergo
765 1544 883 1580 maria
914 1545 1013 1581 invia
1044 1544 1204 1581 Teucris

143 1615 215 1640 nec
244 1615 332 1652 spes
360 1602 435 1639 ulla
464 1603 601 1651 fugae:
642 1615 767 1639 rerum
797 1616 884 1651 pars
914 1604 1030 1641 altera
1058 1604 1238 1652 adempta
1267 1613 1347 1641 est:

144 1670 240 1700 terra
268 1669 394 1699 autem
422 1663 461 1698 in
490 1662 628 1698 nostris
658 1663 846 1703 manibus,
878 1669 933 1699 tot
964 1663 1078 1700 millia
1107 1671 1242 1712 gentes

144 1736 250 1760 arma
280 1723 402 1760 ferunt
431 1722 558 1759 Italae.
618 1721 682 1758 Nil
712 1734 773 1758 me
806 1721 930 1758 fatalia
957 1730 1108 1767 terrent,

146 1784 177 1820 si
206 1795 281 1831 qua
309 1782 479 1830 Phryges
508 1793 597 1830 prae
627 1793 667 1818 se
697 1781 847 1825 iactant,
877 1793 1062 1830 responsa
1092 1782 1274 1819 deorum:

146 1849 203 1879 sat
231 1841 314 1878 fatis
342 1840 560 1889 Venerique
591 1840 734 1881 datum,
766 1840 923 1889 tetigere
953 1841 1059 1890 quod
1087 1854 1176 1878 arva

146 1901 276 1938 fertilis
305 1901 500 1938 Ausoniae
530 1900 665 1936 Troes.
725 1899 820 1936 Sunt
850 1906 886 1936 et
914 1892 1000 1936 mea
1028 1908 1160 1937 contra

147 1961 222 1997 fata
249 1960 351 2005 mihi,
382 1959 479 1996 ferro
509 1959 730 1996 sceleratam
759 1959 982 1996 exscindere
1011 1968 1179 2008 gentem,

147 2020 310 2068 coniuge
339 2025 558 2068 praerepta:
598 2031 669 2056 nec
699 2018 804 2055 solos
833 2019 954 2066 tangit
983 2019 1136 2056 Atridas

146 2079 216 2116 iste
246 2079 355 2116 dolor
384 2078 550 2126 solisque
578 2077 665 2115 licet
694 2090 831 2126 capere
860 2090 965 2114 arma
994 2077 1180 2127 Mycenis.

149 2137 260 2174 “Sed
289 2137 444 2186 periisse
474 2137 591 2174 semel
621 2137 711 2174 satis
740 2136 845 2173 est:’'
885 2149 1043 2185 peccare
1074 2137 1205 2174 fuisset

147 2205 235 2235 ante
265 2198 353 2234 satis
382 2197 532 2245 penitus
561 2197 680 2234 modo
711 2209 789 2234 non
819 2209 941 2246 genus
971 2208 1086 2233 omne
1115 2208 1274 2245 perosos

147 2259 364 2295 femineum.
422 2256 572 2302 Quibus
602 2257 696 2294 haec
725 2257 840 2294 medii
869 2257 1008 2294 fiducia
1036 2256 1121 2292 valli

148 2318 410 2364 fossarumque
439 2327 581 2361 morae,
611 2316 674 2352 leti
703 2316 921 2353 discrimina
949 2328 1074 2364 parva,

147 2378 239 2415 dant
267 2376 442 2412 animos!
481 2375 533 2411 At
561 2387 641 2411 non
672 2375 840 2412 viderunt
868 2376 1021 2412 moenia
1050 2374 1192 2412 Troiae

148 2436 320 2485 Neptuni
350 2434 528 2471 fabricata
556 2446 674 2471 manu
703 2435 904 2473 considere
933 2435 971 2472 in
1002 2434 1137 2483 ignes?

1467 371 1528 394 110

1466 667 1525 699 115

1472 1855 1530 1887 135

1473 2153 1532 2183 140

1471 2450 1528 2482 145
