1669 2737
124 57 205 98 208
706 66 931 102 AENEIS.

123 171 237 208 credo
267 172 455 220 equidem,
487 174 592 210 vivos
623 173 763 211 ducent
794 175 840 212 de
869 186 1060 212 marmore
1091 174 1226 221 vultus,

122 231 285 268 orabunt
314 244 449 269 causas
479 233 625 278 melius,
657 234 828 282 caelique
859 242 1007 271 meatus

123 290 339 327 describent
368 291 473 328 radio
503 298 540 329 et
571 293 766 341 surgentia
798 294 923 330 sidera
952 293 1102 330 dicent:

123 356 163 385 tu
192 361 325 397 regere
353 350 513 398 imperio
543 352 719 400 populos,
753 352 941 396 Romane,
972 359 1168 388 memento

124 407 212 457 (hae
242 409 307 444 tibi
337 417 445 445 erunt
475 410 601 459 artes),
633 411 814 460 pacisque
844 412 1047 460 imponere
1075 422 1235 455 morem,

124 480 278 517 parcere
308 469 485 507 subiectis
516 477 552 506 et
582 470 772 507 debellare
803 471 1014 520 superbos.'

180 526 241 564 Sic
269 534 376 576 pater
405 528 606 574 Anchises,
638 538 751 579 atque
780 529 875 567 haec
904 530 1129 566 mirantibus
1159 529 1282 566 addit:

127 587 291 635 ‘Aspice
320 595 361 623 ut
390 588 550 636 insignis
580 590 711 638 spoliis
743 589 946 626 Marcellus
975 590 1113 637 opimis

125 646 345 694 ingreditur,
376 647 570 696 victorque
598 649 697 685 viros
727 649 984 697 supereminet
1013 649 1175 685 omnes!

127 704 206 742 Hic
236 717 316 742 rem
347 705 566 743 Romanam
595 720 740 756 magno
770 708 944 744 turbante
973 707 1135 744 tumultu

126 765 241 809 sistet,
272 777 389 813 eques
418 772 560 802 sternet
588 765 743 803 Poenos
774 766 1004 815 Gallumque
1033 766 1227 811 rebellem,

126 824 310 872 tertiaque
340 836 444 861 arma
472 825 567 872 patri
598 826 805 874 suspendet
836 832 947 873 capta
977 824 1162 870 Quirino?

128 884 255 932 Atque
286 883 346 921 hic
378 885 531 921 Aeneas
562 883 655 934 (una
684 897 850 934 namque
881 885 933 921 ire
963 885 1114 922 videbat

128 943 324 991 egregium
354 942 477 979 forma
506 943 679 980 iuvenem
710 952 746 980 et
776 943 1008 992 fulgentibus
1038 945 1162 990 armis,

129 1002 197 1039 sed
226 1001 330 1038 frons
360 1002 457 1039 laeta
486 1014 622 1051 parum
652 1010 688 1040 et
718 1003 867 1039 deiecto
897 1002 1042 1039 lumina
1071 1002 1215 1053 vultu):

129 1060 260 1106 ‘Quis,
292 1068 408 1109 pater,
439 1061 511 1106 ille,
541 1062 660 1098 virum
691 1063 755 1111 qui
785 1062 838 1098 sic
869 1063 1071 1099 comitatur
1099 1063 1281 1100 euntem?

128 1121 236 1165 filius,
267 1133 368 1157 anne
398 1121 533 1169 aliquis
564 1134 706 1170 magna
736 1122 784 1158 de
815 1122 930 1170 stirpe
960 1124 1171 1170 nepotum?

129 1180 207 1226 Qui
237 1180 414 1228 strepitus
444 1181 543 1217 circa
571 1181 777 1218 comitum!
818 1188 1004 1229 quantum
1034 1181 1151 1218 instar
1180 1182 1218 1218 in
1248 1182 1354 1231 ipso!

131 1239 206 1276 Sed
234 1251 313 1275 nox
343 1247 423 1275 atra
451 1247 566 1287 caput
596 1240 687 1276 tristi
718 1239 964 1277 circumvolat
992 1239 1152 1277 umbra.'

130 1300 235 1337 Tum
265 1306 371 1348 pater
399 1299 586 1337 Anchises
616 1300 780 1337 lacrimis
809 1301 1004 1348 ingressus
1035 1301 1205 1340 obortis:

131 1358 189 1396 ‘O
220 1366 319 1403 nate,
351 1359 546 1408 ingentem
576 1359 719 1396 luctum
751 1371 799 1396 ne
829 1371 968 1408 quaere
997 1366 1160 1397 tuorum.

131 1418 348 1457 Ostendent
376 1419 482 1455 terris
512 1418 614 1456 hunc
643 1426 791 1456 tantum
822 1418 898 1455 fata
926 1431 1051 1468 neque
1081 1419 1177 1456 ultra

131 1490 215 1515 esse
246 1478 380 1514 sinent.
439 1477 612 1514 Nimium
641 1478 748 1514 vobis
778 1477 960 1514 Romana
989 1490 1163 1527 propago

131 1538 211 1574 visa
240 1543 388 1585 potens,
419 1537 556 1584 superi,
586 1537 740 1585 propria
769 1536 864 1574 haec
895 1537 926 1573 si
955 1537 1058 1574 dona
1087 1537 1256 1575 fuissent.

132 1596 311 1642 Quantos
340 1595 400 1631 ille
429 1596 550 1632 virum
580 1608 762 1643 magnam
793 1595 977 1633 Mavortis
1008 1596 1057 1633 ad
1086 1597 1220 1633 urbem

133 1667 293 1704 campus
323 1661 409 1702 aget
438 1655 624 1703 gemitus!
665 1655 723 1691 vel
751 1667 860 1703 quae,
891 1655 1086 1701 Tiberine,
1116 1656 1262 1693 videbis

133 1715 274 1760 funera,
304 1725 393 1751 cum
422 1713 610 1751 tumulum
639 1714 916 1762 praeterlabere
945 1717 1163 1751 recentem!

134 1775 218 1813 Nec
247 1786 340 1823 puer
369 1772 484 1810 Iliaca
514 1774 717 1822 quisquam
746 1773 794 1810 de
823 1780 938 1822 gente
967 1773 1125 1811 Latinos

134 1835 175 1871 in
202 1840 349 1870 tantum
379 1845 447 1882 spe
475 1833 580 1870 tollet
609 1845 711 1878 avos,
743 1845 814 1870 nec
845 1832 1011 1870 Romula
1040 1833 1239 1883 quondam

135 1893 212 1930 ullo
241 1904 282 1929 se
312 1899 459 1929 tantum
488 1892 596 1929 tellus
626 1892 779 1929 iactabit
807 1891 974 1928 alumno.

137 1952 228 1989 Heu
257 1951 389 2000 pietas,
419 1951 494 1988 heu
521 1951 646 1999 prisca
675 1951 768 1987 fides
797 1951 1011 1999 invictaque
1041 1951 1142 1989 bello

137 2013 313 2050 dextera!
353 2011 445 2048 Non
474 2011 524 2048 illi
554 2024 593 2048 se
623 2013 827 2060 quisquam
857 2011 1014 2059 impune
1042 2012 1188 2049 tulisset

137 2074 271 2111 obvius
300 2081 456 2117 armato,
488 2085 553 2110 seu
583 2085 670 2109 cum
701 2072 818 2122 pedes
848 2072 916 2108 iret
945 2073 983 2109 in
1012 2072 1164 2109 hostem

138 2145 204 2170 seu
233 2134 445 2181 spumantis
474 2134 561 2182 equi
591 2133 737 2170 foderet
766 2132 975 2170 calcaribus
1005 2145 1142 2170 armos.

138 2192 228 2230 Heu
257 2192 468 2229 miserande
497 2204 601 2241 puer,
633 2192 663 2229 si
692 2204 768 2241 qua
796 2191 872 2229 fata
902 2204 1037 2240 aspera
1067 2203 1232 2241 rumpas.

138 2261 179 2290 tu
207 2252 410 2289 Marcellus
439 2253 524 2289 eris.
583 2252 765 2288 Manibus
795 2252 881 2288 date
911 2251 986 2288 lilia
1015 2251 1161 2300 plenis;

138 2323 348 2360 purpureos
377 2323 553 2359 spargam
583 2311 697 2348 flores
727 2311 971 2359 animamque
1000 2311 1154 2359 nepotis

139 2370 197 2407 his
226 2370 357 2407 saltem
387 2370 626 2407 accumulem
656 2370 769 2407 donis
799 2377 836 2406 et
864 2368 1001 2417 fungar
1030 2369 1133 2406 inani

690 2446 729 2486 85
737 2454 763 2476 2.
788 2445 859 2486 paci
877 2443 969 2475 MSS.

1452 891 1516 921 850

1452 1187 1513 1227 865

1457 1484 1519 1524 870

1461 2077 1524 2108 880

1461 2374 1522 2415 885
