1669 2737
578 486 1060 547 AENEIS.

499 671 747 711 LIBER
797 669 1130 712 SEXTUS.

127 794 189 832 Src
220 794 316 831 fatur
344 795 555 841 lacrimans,
588 796 774 844 classique
804 795 969 832 immittit
998 795 1177 839 habenas,

125 862 162 891 et
191 854 345 891 tandem
374 854 557 892 Euboicis
588 855 798 893 Cumarum
827 854 996 891 allabitur
1024 854 1110 891 oris.

126 912 340 951 Obvertunt
368 914 506 962 pelago
536 927 690 963 proras;
729 922 811 952 tum
841 914 954 951 dente
983 914 1106 951 tenaci

125 986 268 1011 ancora
297 973 481 1011 fundabat
509 987 625 1011 naves
655 981 692 1011 et
720 974 829 1011 litora
859 986 996 1011 curvae

124 1039 350 1081 praetexunt
378 1045 539 1082 puppes.
597 1033 783 1070 Iuvenum
814 1045 952 1070 manus
981 1032 1118 1070 emicat
1147 1032 1284 1069 ardens

125 1092 210 1130 litus
240 1093 278 1129 in
309 1092 565 1141 Hesperium3
603 1093 748 1142 quaerit
777 1104 865 1141 pars
895 1092 1042 1129 semina
1071 1091 1248 1128 flammae

125 1153 296 1189 abstrusa
324 1152 363 1188 in
392 1153 496 1189 venis
527 1153 652 1197 silicis,
682 1164 771 1201 pars
802 1152 921 1188 densa
951 1151 1113 1189 ferarum

126 1218 224 1249 tecta
254 1212 349 1260 rapit
378 1211 487 1248 silvas
518 1212 748 1260 inventaque
779 1211 937 1247 flumina
966 1216 1162 1247 monstrat.

126 1272 176 1308 At
205 1271 289 1320 pius
319 1271 473 1308 Aeneas
502 1283 618 1315 arces,
648 1271 786 1319 quibus
815 1270 911 1306 altus
941 1269 1083 1318 Apollo

125 1330 326 1380 praesidet,
355 1329 643 1379 horrendaeque
673 1329 805 1378 procul
836 1335 981 1366 secreta
1013 1328 1190 1377 Sibyllae,

126 1397 275 1428 antrum
304 1390 472 1426 immane
502 1390 605 1438 petit,
635 1400 818 1437 magnam
848 1389 908 1425 cui
938 1394 1107 1424 mentem
1137 1388 1384 1435 animumque

125 1450 259 1487 Delius
288 1449 446 1497 inspirat
474 1455 577 1485 vates
607 1448 802 1496 aperitque
832 1446 967 1484 futura.

126 1510 211 1546 Iam
241 1508 403 1544 subeunt
431 1507 584 1544 Triviae
613 1507 721 1544 lucos
750 1513 864 1554 atque
894 1518 1009 1542 aurea
1037 1512 1143 1543 tecta.

180 1566 386 1612 Daedalus,
416 1573 456 1603 ut
486 1566 587 1603 fama
616 1572 681 1611 est,
712 1565 861 1614 fugiens
892 1564 1042 1602 Minoia
1070 1577 1198 1613 regna,

126 1627 367 1677 praepetibus
396 1626 532 1674 pennis
561 1637 674 1662 ausus
705 1637 745 1661 se
775 1624 927 1661 credere
957 1624 1075 1669 caelo,

127 1689 317 1725 insuetum
347 1697 414 1734 per
442 1685 511 1721 iter
539 1684 682 1734 gelidas
711 1684 835 1720 enavit
865 1683 914 1721 ad
943 1683 1082 1721 Arctos

128 1745 426 1792 Chalcidicaque
455 1744 544 1781 levis
575 1743 731 1781 tandem
761 1755 875 1791 super
904 1743 1018 1780 astitit
1046 1755 1144 1780 arce.

128 1805 315 1843 Redditus
345 1804 403 1841 his
433 1804 598 1852 primum
629 1802 736 1839 terris
764 1802 842 1847 tibi,
873 1801 1039 1846 Phoebe,
1071 1801 1229 1838 sacravit

127 1865 327 1913 remigium
357 1864 500 1901 alarum
528 1862 732 1911 posuitque
761 1861 943 1897 immania
971 1860 1122 1909 templa.

127 1925 174 1962 In
204 1924 347 1961 foribus
377 1923 493 1960 letum
524 1921 734 1970 Androgei,
765 1927 846 1957 tum
874 1919 1042 1968 pendere
1072 1931 1218 1968 poenas

128 1982 365 2031 Cecropidae
396 1982 486 2018 iussi
518 1980 714 2032 (miserum
730 1979 754 2030 1)
783 1985 942 2028 septena
971 1979 1176 2027 quotannis

128 2055 290 2093 corpora
319 2049 521 2088 natorum;
562 2048 633 2079 stat
663 2041 786 2078 ductis
816 2040 977 2077 sortibus
1007 2051 1112 2076 urna.

128 2103 273 2141 Contra
301 2102 398 2139 elata
425 2101 521 2138 mari
552 2100 760 2149 respondet
790 2098 938 2136 Gnosia
966 2098 1100 2135 tellus:

127 2163 187 2200 hic
217 2161 378 2198 crudelis
407 2172 516 2197 amor
544 2160 639 2197 tauri
669 2164 931 2208 suppostaque
960 2157 1059 2193 furto

127 2221 315 2269 Pasiphae·
344 2220 580 2267 mixtumque
609 2229 732 2267 genus
761 2217 964 2266 prolesque
992 2215 1163 2252 biformis

127 2280 368 2317 Minotaurus
398 2278 505 2322 inest,
536 2276 698 2314 Veneris
727 2275 965 2312 monimenta
993 2273 1191 2318 nefandae,

127 2339 188 2377 hic
217 2339 324 2375 labor
354 2337 411 2374 ille
441 2336 578 2373 domus
608 2342 646 2373 et
674 2334 940 2372 inextricabilis
969 2345 1091 2377 error;

127 2409 313 2446 magnum
341 2396 493 2445 reginae
523 2395 591 2432 sed
619 2394 723 2431 enirn
752 2393 952 2430 miseratus
982 2403 1155 2429 amorem

128 2456 323 2495 Daedalus
352 2456 433 2504 ipse
463 2454 574 2492 dolos
603 2454 691 2491 tecti
720 2453 980 2501 ambagesque
1009 2450 1169 2495 resolvit,

1473 1341 1509 1362 10

1472 1933 1512 1954 20

1472 2229 1509 2262 25
