1669 2737
567 87 732 121 LIBER
768 87 851 122 VII.
883 79 1092 134 301-378.

140 206 245 233 arma
273 194 360 233 velit
388 202 600 244 poscatque
630 194 741 232 simul
769 194 965 244 rapiatque
994 193 1191 232 iuventus!

191 253 292 291 Exin
322 253 542 302 Gorgoneis
571 254 719 291 Allecto
750 253 889 290 infecta
917 254 1072 289 venenis

139 313 326 361 principio
355 313 507 350 Latium
535 319 572 350 et
600 313 800 350 Laurentis
829 319 929 349 tecta
957 313 1104 360 tyranni

139 371 241 409 celsa
268 372 362 420 petit
390 373 621 421 tacitumque
651 372 800 408 obsedit
828 371 943 408 limen
973 372 1145 415 Amatae,

138 441 255 478 quam
284 442 399 479 super
427 430 589 467 adventu
619 430 813 468 Teucrum
843 430 1042 479 Turnique
1072 429 1293 478 hymenaeis

139 488 327 526 femineae
356 489 553 526 ardentem
582 501 771 538 curaeque
801 489 953 537 iraeque
983 489 1211 536 coquebant.

139 546 242 584 Huic
271 547 342 585 dea
370 548 550 585 caeruleis
578 560 697 584 unum
727 548 774 585 de
804 548 969 584 crinibus
998 559 1163 595 anguem

138 607 292 645 coniicit
321 608 436 656 inque
466 608 591 645 sinum
620 607 844 656 praecordia
873 607 920 643 ad
951 607 1083 643 intima
1113 607 1250 649 subdit,

139 679 216 715 quo
246 667 447 705 furibunda
475 667 634 705 domum
664 675 837 703 monstro
867 667 1095 715 permisceat
1125 678 1292 703 omnem.

138 725 206 763 Ille
233 727 329 763 inter
356 733 478 764 vestes
505 733 542 764 et
571 727 665 763 levia
693 733 849 775 pectora
877 726 1006 774 lapsus

137 785 297 822 volvitur
325 792 466 823 attactu
494 786 596 823 nullo
627 785 794 834 fallitque
824 785 1021 829 furentem,

137 843 328 892 vipeream
357 845 545 893 inspirans
575 845 764 888 animam;
804 844 844 880 fit
872 844 993 881 tortile
1023 844 1123 881 collo

138 914 272 939 aurum
302 903 436 951 ingens
465 904 630 948 coluber,
662 903 700 939 fit
730 903 869 951 longae
898 903 1022 940 taenia
1050 904 1162 940 vittae

137 962 370 1011 innectitque
400 974 543 1007 comas,
574 970 610 999 et
639 962 820 998 membris
850 962 1015 999 lubricus
1045 970 1152 998 errat.

137 1021 196 1058 Ac
224 1021 316 1058 dum
344 1023 466 1071 prima
493 1022 574 1059 lues
601 1022 678 1058 udo
709 1021 887 1070 sublapsa
915 1033 1065 1058 veneno

137 1087 366 1130 pertemptat
395 1093 529 1118 sensus
559 1088 673 1130 atque
703 1081 854 1117 ossibus
884 1081 1051 1129 implicat
1080 1081 1222 1129 ignem,

137 1139 302 1176 necdum
331 1141 480 1177 animus
509 1147 590 1177 toto
620 1140 788 1188 percepit
817 1147 973 1188 pectore
1002 1139 1208 1183 flammam,

137 1199 288 1236 mollius
317 1206 354 1237 et
383 1200 495 1237 solito
523 1206 686 1236 matrum
717 1200 763 1236 de
792 1210 898 1236 more
927 1198 1053 1235 locuta
1082 1207 1150 1242 est,

137 1258 255 1295 multa
284 1271 398 1308 super
426 1266 515 1296 nata
543 1259 745 1295 lacrimans
775 1257 1024 1307 Phrygiisque
1054 1257 1297 1305 hymenaeis:

139 1317 418 1366 ‘Exsulibusne
449 1318 557 1355 datur
586 1317 761 1354 ducenda
790 1316 949 1353 Lavinia
978 1316 1149 1361 Teucris,

138 1387 162 1413 o
190 1377 348 1424 genitor,
379 1389 451 1414 nec
480 1384 515 1414 te
544 1378 696 1414 miseret
725 1382 913 1425 nataeque
943 1376 1095 1424 tuique?

138 1449 209 1474 nec
237 1438 367 1475 matris
395 1439 558 1483 miseret,
588 1449 704 1486 quarn
733 1437 857 1485 primo
888 1436 1081 1484 Aquilone
1109 1436 1293 1485 relinquet

138 1496 304 1545 perfidus
333 1496 406 1533 alta
435 1505 570 1545 petens
599 1496 762 1533 abducta
790 1495 934 1544 virgine
963 1495 1132 1544 praedo?

138 1556 189 1591 At
218 1567 298 1591 non
327 1556 381 1593 sic
410 1555 596 1604 Phrygius
625 1562 797 1604 penetrat
827 1554 1125 1591 Lacedaemona
1154 1561 1284 1603 pastor

139 1615 407 1664 Ledaeamque
438 1615 631 1653 Helenam
660 1614 850 1652 Troianas
879 1614 979 1650 vexit
1009 1614 1057 1650 ad
1085 1615 1223 1650 urbes?

139 1673 245 1721 Quid
273 1682 338 1711 tua
366 1682 498 1712 sancta
526 1674 646 1711 fides?
685 1674 777 1723 quid
807 1685 896 1711 cura
925 1674 1079 1722 antiqua
1110 1682 1262 1709 tuorum

139 1741 176 1771 et
204 1734 493 1782 consanguineo
520 1734 659 1771 totiens
689 1734 778 1771 data
806 1733 959 1770 dextera
988 1732 1152 1769 Turno?

140 1794 179 1832 Si
207 1806 325 1843 gener
353 1802 510 1831 externa
536 1794 674 1843 petitur
703 1793 750 1830 de
779 1800 893 1842 gente
923 1793 1068 1830 Latinis

139 1855 253 1904 idque
282 1854 387 1892 sedet
415 1854 613 1903 Faunique
642 1860 820 1903 premunt
848 1859 885 1890 te
913 1854 1016 1890 iussa
1044 1853 1222 1902 parentis,

140 1926 298 1952 omnem
326 1914 504 1963 equidem
533 1914 691 1963 sceptris
719 1920 858 1950 terram
887 1925 985 1961 quae
1014 1913 1131 1950 libera
1160 1912 1298 1950 nostris

141 1973 308 2019 dissidet,
338 1980 534 2011 externam
562 1985 648 2010 reor
677 1978 715 2010 et
743 1972 796 2010 sic
826 1972 950 2009 dicere
980 1971 1097 2009 divos.

140 2032 190 2069 Et
219 2032 366 2078 Turno,
396 2032 427 2069 si
456 2032 578 2081 prima
607 2031 745 2068 domus
775 2038 966 2079 repetatur
994 2032 1114 2079 origo,

142 2093 307 2131 Inachus
336 2093 580 2141 Acrisiusque
610 2099 736 2142 patres
765 2091 990 2140 mediaeque
1020 2090 1230 2140 Mycenae!

196 2152 270 2190 His
299 2153 364 2189 ubi
393 2153 627 2201 nequiquam
658 2151 767 2188 dictis
796 2157 952 2199 experta
981 2149 1160 2187 Latinum

143 2219 276 2249 contra
305 2218 402 2248 stare
432 2211 531 2248 videt
560 2211 790 2259 penitusque
819 2210 858 2245 in
886 2209 1031 2246 viscera
1059 2209 1211 2258 lapsum

143 2272 328 2321 serpentis
357 2270 487 2308 furiale
515 2270 659 2307 malum
687 2276 883 2317 totamque
913 2275 1090 2318 pererrat,

143 2340 224 2370 tum
253 2342 340 2368 vero
369 2331 509 2376 infelix,
540 2330 760 2379 ingentibus
789 2329 912 2366 excita
939 2328 1130 2373 monstris,

144 2392 375 2428 immensum
405 2390 486 2427 sine
515 2402 623 2427 more
653 2389 738 2425 furit
767 2387 962 2437 lymphata
991 2400 1059 2437 per
1086 2388 1229 2424 urbem.

144 2450 226 2489 Ceu
257 2449 454 2499 quondam
482 2456 580 2486 torto
611 2448 772 2485 volitans
803 2447 873 2484 sub
903 2447 1056 2484 verbere
1084 2448 1206 2491 turbo,

1461 1381 1523 1420 360

1466 1985 1528 2016 370

1470 2282 1528 2313 575
