1669 2737
148 79 227 119 140
723 74 948 110 AENEJS.

144 183 340 232 attolitque
368 183 505 232 globos
535 183 776 221 flammarum
805 191 842 222 et
871 184 992 222 sidera
1020 184 1166 230 lambit,

142 243 331 280 interdum
362 244 541 292 scopulos
571 243 776 293 avulsaque
803 244 946 282 viscera
974 245 1118 282 montis

143 304 251 353 erigit
281 310 455 341 eructans
484 302 766 352 liquefactaque
795 316 889 342 saxa
918 305 988 342 sub
1018 316 1129 342 auras

144 376 232 401 curn
261 363 408 411 gemitu
436 362 624 411 glomerat
653 362 853 412 fundoque
882 370 1078 401 exaestuat
1107 364 1196 400 imo.

144 423 264 460 Fama
294 428 350 459 est
379 420 566 459 Enceladi
596 423 819 459 semiustum
848 422 1004 460 fulmine
1034 434 1174 471 corpus

143 482 267 530 urgeri
297 480 399 517 mole
428 480 511 526 hac,
543 481 819 530 ingentemque
848 482 1004 531 insuper
1031 482 1198 519 Aetnam

144 540 363 589 impositam
391 540 512 589 ruptis
540 539 737 576 flammam
767 541 958 589 exspirare
988 541 1159 586 caminis,

145 607 182 637 et
211 599 353 636 fessum
382 599 562 647 quotiens
592 606 712 636 mutet
740 599 848 645 latus,
878 600 1082 637 intremere
1114 610 1271 637 omnem

144 671 337 697 murmure
367 660 605 697 Trinacriam
636 666 671 696 et
702 659 849 696 caelum
880 660 1078 697 subtexere
1107 659 1225 696 fumo.

146 719 313 756 Noctem
343 719 445 756 illam
474 719 563 755 tecti
592 718 692 755 silvis
722 719 904 755 immania
933 726 1106 756 monstra

145 777 380 827 perferimus,
411 790 482 815 nec
512 789 611 827 quae
640 778 809 815 sonitum
840 778 904 815 det
932 789 1047 815 causa
1075 778 1257 815 videmus.

146 838 246 875 Nam
278 850 403 887 neque
433 844 540 874 erant
569 844 755 874 astrorum
785 837 893 886 ignes
923 849 995 874 nec
1024 837 1172 875 lucidus
1203 836 1333 874 aethra

146 898 293 934 siderea
321 897 445 946 polus,
475 897 640 934 obscuro
670 896 739 933 sed
767 896 897 934 nubila
926 897 1044 942 caelo,

146 965 183 994 et
211 957 341 994 lunam
371 957 409 993 in
437 956 570 992 nimbo
600 967 680 992 nox
709 956 938 1005 intempesta
965 957 1130 993 tenebat.

200 1020 208 1035 ⁴
226 1016 384 1053 Postera
412 1016 565 1064 iamque
595 1015 676 1052 dies
704 1016 828 1064 primo
858 1016 1037 1064 surgebat
1066 1015 1164 1062 Eoo,

146 1085 418 1126 umentemque
447 1078 600 1114 Aurora
627 1076 719 1125 polo
749 1076 960 1115 dimoverat
987 1078 1186 1115 umbram:

147 1150 235 1175 cum
265 1137 390 1174 subito
420 1148 440 1173 e
470 1136 570 1173 silvis
599 1136 721 1173 macie
750 1136 926 1173 confecta
956 1148 1135 1185 suprema

148 1196 267 1245 ignoti
296 1207 396 1233 nova
426 1195 549 1232 forma
577 1195 643 1232 viri
672 1195 964 1245 miserandaque
997 1195 1099 1233 cultu

147 1256 319 1305 procedit
348 1256 587 1305 supplexque
616 1267 754 1293 manus
783 1256 831 1293 ad
860 1256 970 1293 litora
998 1255 1130 1293 tendit.

148 1316 416 1365 Respicimus:
461 1315 541 1352 dira
569 1315 713 1352 illuvies
742 1316 989 1364 immissaque
1017 1316 1146 1360 barba,

147 1382 366 1413 consertum
394 1381 575 1424 tegumen
607 1375 736 1424 spinis,
767 1382 805 1412 at
834 1383 958 1413 cetera
989 1374 1139 1420 Graius,

148 1442 185 1472 et
215 1434 411 1484 quondam
441 1435 571 1484 patriis
601 1435 650 1472 ad
679 1435 839 1472 Troiam
868 1435 1007 1472 missus
1037 1435 1077 1471 in
1106 1433 1231 1471 armis.

149 1495 264 1544 Isque
293 1496 357 1532 ubi
386 1494 605 1532 Dardanios
635 1494 785 1532 habitus
815 1502 852 1532 et
881 1494 1006 1532 Tro'1‘a
1034 1494 1125 1532 vidit

149 1567 255 1592 arma
284 1554 429 1603 procul,
459 1555 616 1603 paulum
646 1562 804 1604 aspectu
835 1555 1062 1592 conterritus
1092 1553 1213 1592 haesit

149 1615 411 1663 continuitque
441 1614 624 1663 gradum;
662 1627 756 1651 mox
787 1626 871 1652 sese
901 1614 951 1651 ad
979 1614 1086 1651 litora
1114 1625 1299 1663 praeceps

149 1686 237 1711 cum
267 1673 357 1710 fletu
386 1673 638 1722 precibusque
667 1673 772 1710 tulit:
813 1676 835 1693 “
850 1674 922 1710 Per
951 1674 1075 1711 sidera
1102 1680 1230 1718 testor,

149 1745 217 1782 per
245 1744 403 1781 superos
433 1739 545 1781 atque
575 1732 649 1770 hoc
679 1733 772 1769 caeli
802 1733 978 1782 spirabile
1002 1731 1145 1777 lumen,

149 1793 267 1830 tollite
295 1804 368 1838 me,
399 1791 562 1837 Teucri;
602 1804 866 1841 quascumque
896 1791 1074 1829 abducite
1103 1798 1243 1828 terras:

150 1853 224 1890 hoc
253 1860 311 1890 sat
340 1852 419 1889 erit.
478 1850 566 1890 Scio
596 1864 658 1888 me
687 1852 833 1889 Danais
862 1865 883 1890 e
913 1852 1097 1889 classibus
1126 1863 1256 1897 unum,

151 1920 189 1949 et
217 1912 316 1949 bello
346 1911 485 1949 Iliacos
515 1911 635 1948 fateor
663 1911 818 1960 petiisse
847 1918 1018 1960 penates.

152 1971 226 2008 Pro
255 1983 343 2020 quo,
376 1971 407 2008 si
437 1970 589 2008 sceleris
618 1977 722 2007 tanta
751 1977 808 2008 est
836 1971 970 2007 iniuria
999 1970 1128 2016 nostri,

152 2031 319 2079 spargite
348 2042 410 2067 me
439 2031 478 2066 in
507 2030 644 2067 fluctus
672 2037 855 2079 vastoque
884 2030 1097 2078 immergite
1126 2035 1259 2078 ponto.

152 2088 192 2126 Si
220 2101 346 2138 pereo,
378 2089 577 2126 hominum
607 2089 785 2125 manibus
815 2088 970 2137 periisse
999 2087 1176 2125 iuvabit.’'

150 2147 320 2193 Dixerat,
350 2155 387 2185 et
415 2160 542 2196 genua
571 2148 769 2198 amplexus
797 2148 1039 2197 genibusque
1068 2147 1244 2184 volutans

150 2207 340 2245 haerebat.
397 2207 475 2253 Qui
505 2207 551 2244 sit
580 2207 658 2253 fari,
689 2219 767 2256 quo
797 2208 984 2255 sanguine
1013 2213 1150 2253 cretus,

151 2267 358 2311 hortamur,
387 2279 485 2315 quae
515 2267 654 2304 deinde
683 2268 801 2315 agitet
829 2266 981 2304 fortuna
1008 2265 1124 2303 fateri.

152 2326 241 2374 Ipse
270 2334 376 2373 pater
405 2325 578 2362 dextram
607 2325 798 2363 Anchises
827 2325 930 2362 haud
958 2325 1076 2362 multa
1104 2331 1274 2362 moratus

152 2385 216 2422 dat
246 2384 384 2428 iuveni,
415 2391 527 2432 atque
557 2384 729 2420 animum
757 2384 949 2433 praesenti
977 2384 1138 2432 pignore
1169 2383 1303 2420 firmat.

152 2443 219 2482 Ille
247 2442 341 2480 haec
371 2442 545 2492 deposita
574 2443 729 2480 tandem
758 2443 961 2481 formidine
989 2442 1110 2481 fatur:

1466 258 1529 291 555

1471 1149 1536 1182 590

1474 2331 1539 2363 610
