1669 2737
594 99 766 136 LIBER
800 99 842 135 V.
876 95 1059 148 29-106.

137 215 201 245 aut
228 208 351 246 iaculo
380 209 522 248 incedit
550 208 683 246 melior
711 208 934 257 levibusque
964 209 1120 257 sagittis,

139 278 206 303 seu
234 268 353 306 crudo
383 268 463 306 fidit
491 280 662 318 pugnam
693 268 932 305 committere
963 275 1104 312 caestu,

137 327 263 363 cuncti
291 326 417 364 adsint
444 328 678 376 meritaeque
708 334 927 375 exspectent
955 327 1124 376 praemia
1151 327 1313 377 palmae.

138 383 216 422 Ore
245 384 366 423 favete
394 398 530 424 omnes
559 393 596 422 et
625 387 764 434 cingite
794 392 970 434 tempora
998 385 1135 422 ramis.'

192 443 254 481 Sic
282 444 382 482 fatus
410 446 508 482 velat
535 452 709 482 materna
737 452 913 493 tempora
941 452 1077 493 myrto.

138 500 229 539 Hoc
259 502 448 552 Helymus
477 504 575 549 facit,
607 504 682 541 hoc
711 505 793 540 aevi
824 511 994 541 maturus
1024 504 1197 548 Acestes,

136 560 212 599 hoc
240 574 334 611 puer
361 563 560 609 Ascanius,
591 564 759 613 sequitur
788 575 886 612 quos
915 570 1039 601 cetera
1067 564 1200 612 pubes.

136 621 204 659 Ille
234 635 255 660 e
284 624 448 661 concilio
477 624 604 662 multis
632 636 722 661 cum
750 624 915 661 millibus
944 624 1023 661 ibat

136 681 184 717 ad
213 682 412 728 tumulum,
442 695 583 732 magna
612 683 761 720 medius
791 683 997 720 comitante
1027 689 1187 720 caterva.

136 739 213 778 Hic
242 741 319 779 duo
348 743 416 780 rite
444 755 550 780 mero
579 743 701 780 libans
731 743 926 780 carchesia
955 742 1110 780 Baccho

135 799 259 838 fundit
288 802 406 847 humi,
435 802 512 840 duo
542 802 636 840 lacte
666 814 780 847 novo,
812 802 889 840 duo
920 803 1105 851 sanguine
1135 814 1258 848 sacr0‚

135 873 424 911 purpureosque
453 863 541 900 iacit
569 863 684 900 flores
713 875 758 900 ac
789 862 876 900 talia
906 862 1026 900 fatur:

138 920 281 967 ‘Salve,
312 928 442 959 sancte
470 935 631 971 parens:
671 923 807 959 iterum
837 922 989 967 salvete,
1019 923 1163 971 recepti

136 982 370 1031 nequiquam
399 983 545 1021 cineres
574 984 803 1032 animaeque
833 984 1068 1032 umbraeque
1097 990 1290 1032 paternae.

136 1040 229 1078 Non
257 1041 361 1079 licuit
389 1042 485 1079 fines
514 1042 632 1079 Italos
661 1042 864 1090 fataliaque
894 1055 983 1079 arva

136 1113 208 1138 nec
235 1108 362 1139 tecum
391 1102 618 1146 Ausonium,
650 1102 881 1151 quicumque
912 1108 978 1147 est,
1010 1114 1190 1150 quaerere
1220 1102 1430 1152 Thybrim.'

136 1160 294 1198 Dixerat
321 1161 426 1206 haec,
457 1161 578 1210 adytis
608 1174 695 1198 cum
725 1161 889 1199 lubricus
918 1162 1054 1210 anguis
1083 1163 1132 1198 ab
1162 1162 1248 1200 imis

138 1227 284 1268 septem
312 1221 448 1269 ingens
477 1232 604 1269 gyros,
635 1227 795 1269 septena
825 1221 1019 1258 volumina
1048 1221 1170 1266 traxit,

137 1280 334 1329 amplexus
362 1281 512 1329 placide
541 1280 729 1318 tumulum
759 1280 963 1329 lapsusque
993 1292 1061 1329 per
1090 1293 1185 1327 aras,

138 1340 333 1377 caeruleae
362 1340 422 1377 cui
451 1347 559 1389 terga
587 1347 701 1377 notae
730 1340 950 1377 maculosus
980 1347 1017 1376 et
1047 1352 1140 1377 auro

138 1411 339 1447 squamam
367 1400 595 1437 incendebat
625 1399 760 1448 fulgor,
791 1412 861 1437 ceu
891 1400 1057 1436 nubibus
1088 1412 1197 1437 arcus

137 1459 239 1496 mille
267 1460 353 1496 iacit
380 1460 504 1496 varios
533 1459 693 1496 adverso
724 1459 803 1496 sole
835 1459 995 1496 colores.

139 1517 346 1567 Obstupuit
374 1519 454 1556 visu
483 1519 649 1556 Aeneas.
709 1518 777 1556 Ille
807 1519 961 1567 agmine
992 1519 1111 1567 longo

137 1577 293 1615 tandem
322 1579 418 1616 inter
446 1585 596 1627 pateras
625 1585 662 1615 et
690 1578 785 1615 levia
815 1578 954 1627 pocula
985 1591 1143 1628 serpens

137 1637 339 1686 libavitque
369 1638 488 1686 dapes
516 1649 720 1686 rursusque
749 1638 929 1675 innoxius
958 1639 1038 1675 imo

137 1697 319 1734 successit
347 1697 494 1734 tumulo
519 1704 555 1734 et
584 1698 742 1746 depasta
771 1697 902 1734 altaria
932 1698 1049 1746 liquit.

139 1756 229 1793 Hoc
257 1757 380 1805 magis
408 1757 584 1805 inceptos
613 1758 777 1805 genitori
806 1757 990 1794 instaurat
1019 1758 1198 1802 honores,

136 1816 313 1861 incertus,
343 1816 550 1864 geniumne
579 1816 653 1853 loci
684 1816 920 1854 famulumne
949 1817 1117 1866 parentis

137 1886 221 1913 esse
249 1882 378 1924 putet:
417 1876 538 1913 caedit
566 1876 675 1913 binas
705 1876 752 1913 de
781 1888 889 1913 more
918 1877 1092 1914 bidentes

136 1941 268 1984 totque
297 1947 395 1981 sues,
425 1936 586 1972 totidem
615 1936 811 1984 nigrantes
841 1943 948 1985 terga
974 1937 1165 1981 iuvencos,

139 1995 299 2044 vinaque
329 1995 513 2032 fundebat
541 1996 682 2044 pateris
712 1996 957 2045 animamque
987 1997 1149 2033 vocabat

137 2054 329 2091 Anchisae
358 2056 489 2104 magni
518 2067 730 2104 manesque
759 2055 980 2093 Acheronte
1009 2056 1201 2093 remissos.

138 2113 222 2151 Nec
251 2125 331 2151 non
359 2121 396 2151 et
425 2115 528 2160 socii,
560 2127 659 2164 quae
688 2115 824 2164 cuique
855 2122 911 2152 est
940 2116 1062 2164 copia,
1093 2115 1181 2152 laeti

138 2173 241 2210 dona
268 2172 404 2219 serunt,
434 2180 597 2210 onerant
625 2186 708 2211 aras
738 2180 986 2223 mactantque
1017 2174 1208 2220 iuvencos,

137 2231 270 2268 ordine
294 2236 390 2269 aena
417 2232 545 2270 locant
573 2233 633 2270 alii
662 2232 810 2282 fusique
840 2245 908 2281 per
938 2233 1095 2270 herbam

138 2291 338 2328 subiiciunt
366 2292 516 2329 veribus
547 2304 690 2341 prunas
719 2299 756 2329 et
785 2293 927 2328 viscera
956 2299 1113 2330 torrent.

190 2348 423 2399 Exspectata
453 2351 532 2388 dies
561 2350 691 2388 aderat
725 2362 947 2399 nonamque
976 2363 1111 2389 serena

136 2408 327 2446 Auroram
357 2409 604 2447 Phaethontis
635 2410 722 2458 equi
751 2410 827 2446 iam
857 2410 939 2447 luce
969 2410 1167 2456 vehebant,

137 2466 317 2518 famaque
346 2468 528 2507 finitimos
558 2476 595 2507 et
624 2469 713 2507 clari
743 2481 887 2507 nomen
917 2470 1080 2508 Acestae

1444 95 1522 148 165

1483 930 1523 960 80

1484 1536 1525 1569 90

1486 1834 1526 1865 95

1467 2132 1527 2153 100

1466 2429 1524 2460 105
