1669 2737
504 534 1175 597 GEORGICA.

566 720 757 761 LIBER
790 717 1112 773 QUARTUS.

144 839 353 881 Pssomms
381 845 471 882 aerii
499 845 622 882 mellis
651 845 827 882 caelestia
857 844 962 882 dona

144 914 352 951 exsequar:
391 903 492 941 hanc
522 905 647 951 etiarn,
678 905 897 951 Maecenas,
931 904 1060 953 aspice
1089 910 1247 953 partem.

144 961 383 1000 Admiranda
411 963 476 1000 tibi
504 963 645 1001 levium
675 964 894 1013 spectacula
921 976 1048 1001 rerum

144 1022 491 1072 magnanimosque
521 1023 638 1061 duces
668 1025 861 1072 totiusque
892 1024 1028 1061 ordine
1058 1023 1186 1072 gentis

144 1091 272 1118 mores
301 1088 338 1119 et
367 1083 492 1119 studia
521 1089 558 1120 et
587 1083 752 1132 populos
782 1090 819 1120 et
847 1083 992 1132 proelia
1023 1082 1159 1119 dicam.

145 1138 192 1175 In
222 1140 326 1176 tenui
355 1140 488 1186 lab0r;
530 1149 568 1178 at
597 1143 722 1179 tenuis
751 1154 832 1179 non
861 1141 992 1189 gloria,
1024 1141 1054 1177 si
1084 1153 1199 1189 quem

144 1200 304 1236 numina
333 1199 439 1237 laeva
468 1201 596 1238 sinunt
626 1201 806 1250 auditque
835 1207 992 1238 vocatus
1023 1199 1177 1248 Apollo.

199 1257 392 1308 Principio
423 1260 534 1297 sedes
564 1261 701 1309 apibus
732 1260 921 1308 statioque
951 1260 1130 1308 petenda,

145 1329 224 1366 quo
253 1330 378 1367 neque
408 1319 455 1355 sit
484 1320 606 1356 ventis
635 1320 759 1356 aditus
789 1318 896 1369 (narn
927 1318 1067 1368 pabula
1096 1318 1199 1355 venti

145 1376 241 1413 ferre
272 1377 432 1414 domurn
461 1377 682 1428 prohibent)
713 1391 838 1427 neque
868 1390 960 1415 oves
989 1377 1176 1427 haedique
1205 1377 1345 1426 petulci

145 1436 304 1474 floribus
333 1437 525 1482 insultent,
555 1445 619 1474 aut
648 1450 778 1475 errans
807 1438 946 1475 bucula
976 1449 1118 1486 campo

147 1497 313 1535 decutiat
341 1508 479 1541 rorem,
510 1504 546 1533 et
576 1504 777 1546 surgentes
806 1503 940 1534 atterat
970 1497 1117 1534 herbas.

145 1556 285 1593 Absint
314 1563 351 1593 et
380 1556 470 1605 picti
500 1557 712 1605 squalentia
741 1564 848 1606 terga
877 1557 1005 1594 lacerti

145 1616 354 1665 pinguibus
383 1628 405 1652 a
435 1616 602 1661 stabulis,
632 1628 889 1666 meropesque
919 1616 1092 1665 aliaeque
1123 1617 1295 1654 volucres

146 1681 184 1711 et
212 1675 388 1712 manibus
416 1674 565 1712 Procne
594 1683 729 1724 pectus
760 1676 912 1724 signata
941 1676 1107 1712 cruentis
1122 1689 1132 1722 ;

147 1735 277 1771 omnia
305 1746 395 1771 nam
423 1735 497 1771 late
527 1742 676 1772 vastant
705 1736 884 1784 ipsasque
914 1735 1088 1772 volantes

147 1807 213 1832 ore
242 1795 368 1832 ferunt
397 1794 549 1832 dulcem
579 1795 678 1833 nidis
707 1796 917 1832 immitibus
948 1807 1088 1833 escam.

147 1855 199 1891 At
226 1853 358 1903 liquidi
388 1853 514 1891 fontes
544 1861 581 1891 et
610 1862 747 1904 stagna
776 1854 935 1892 virentia
962 1866 1099 1891 musco

148 1913 274 1950 adsint
302 1920 339 1950 et
366 1914 491 1950 tenuis
520 1913 672 1962 fugiens
701 1926 769 1962 per
796 1914 972 1962 gramina
997 1906 1112 1958 rivus,

148 1973 352 2022 palmaque
381 1973 611 2011 vestibulum
638 1980 702 2010 aut
730 1974 867 2022 ingens
896 1973 1060 2010 oleaster
1089 1973 1291 2019 inumbret,

147 2038 200 2077 ut,
229 2044 318 2069 cum
347 2032 471 2081 prima
499 2032 589 2070 novi
618 2032 760 2070 ducent
789 2032 969 2069 examina
996 2043 1106 2080 reges

148 2102 234 2127 vere
258 2102 340 2136 suo,
371 2090 550 2140 ludetque
580 2090 675 2128 favis
704 2092 844 2128 emissa
873 2091 1060 2135 iuventus,

149 2150 272 2187 vicina
300 2151 430 2187 invitet
459 2150 644 2188 decedere
673 2150 755 2200 ripa
784 2150 913 2191 calori,

150 2209 337 2257 obviaque
367 2208 541 2258 hospitiis
570 2216 698 2247 teneat
727 2209 992 2246 frondentibus
1023 2209 1146 2245 arbos.

150 2267 198 2304 In
225 2269 407 2314 medium,
438 2281 506 2306 seu
536 2269 648 2306 stabit
676 2269 777 2305 iners
808 2280 874 2304 seu
903 2267 1068 2316 profluet
1096 2278 1219 2314 umor,

150 2334 380 2365 transversas
410 2328 543 2365 salices
573 2335 609 2365 et
637 2328 796 2377 grandia
826 2328 972 2364 coniiee
1003 2338 1106 2371 saxa,

150 2387 332 2435 pontibus
361 2393 401 2423 ut
430 2387 571 2425 crebris
600 2387 748 2436 possint
777 2387 986 2424 consistere
1016 2392 1052 2422 et
1081 2385 1160 2423 alas

152 2445 319 2495 pandere
348 2446 397 2483 ad
425 2446 611 2483 aestivum
642 2446 775 2491 solem,
806 2446 837 2483 si
866 2445 962 2483 forte
992 2451 1187 2482 morantes

1498 1392 1536 1415 10

1500 1691 1537 1721 15
