1669 2737
175 75 228 117 92
755 69 979 103 AENEJS.

174 185 215 213 ut
245 184 363 214 terrae
393 183 510 225 utque
541 188 663 214 novae
692 183 848 226 pateant
878 176 1122 226 CarthagInis
1152 188 1259 214 arces

175 237 340 285 hospitio
371 235 543 281 Teucris,
574 248 622 272 ne
651 235 716 272 fati
746 237 876 273 nescia
904 236 1009 273 Dido

176 295 313 333 finibus
343 303 497 333 arceret.
555 295 670 333 Volat
700 296 758 332 ille
788 308 856 344 per
885 301 972 333 aera
1001 307 1188 343 magnum

175 356 335 404 remigio
366 356 522 401 alarum,
553 368 597 393 ac
626 355 771 405 Libyae
802 357 897 393 citus
926 356 1041 393 astitit
1071 355 1159 392 oris.

176 415 224 451 Et
255 416 329 451 iarn
359 416 461 452 iussa
490 415 589 461 facit,
619 422 846 464 ponuntque
877 415 1018 452 ferocia
1047 414 1168 451 Poeni

176 476 292 512 corda
321 476 471 512 volente
501 476 601 522 deo;
641 476 680 512 in
710 476 841 524 primis
870 476 1003 524 regina
1032 475 1202 524 quietum

177 536 313 584 accipit
342 536 381 572 in
410 536 586 572 Teucros
615 535 787 572 animum
816 543 1063 583 mentemque
1093 535 1314 583 benignam.

231 596 282 632 At
310 595 396 644 pius
425 596 589 639 Aeneas,
620 607 686 643 per
716 601 870 632 noctem
899 594 1062 643 plurima
1091 594 1257 639 volvens,

176 662 216 692 ut
245 655 410 703 primum
439 654 503 690 lux
533 654 634 690 alma
664 654 752 690 data
782 660 850 699 est,
880 654 981 690 exire
1010 653 1195 702 locosque

177 714 376 762 explorare
405 726 539 759 novos,
570 726 665 762 quas
696 720 808 750 vento
838 713 1040 750 accesserit
1068 725 1166 757 oras,

177 774 241 822 qui
269 779 436 817 teneant,
466 785 555 809 narn
586 773 727 810 inculta
756 773 867 817 videt,
899 772 1125 809 hominesne
1155 771 1318 818 feraene,

177 843 357 880 quaerere
389 832 582 869 constituit
612 832 803 881 sociisque
833 840 968 869 exacta
997 831 1144 869 referre.

178 891 351 928 Classem
380 892 419 928 in
449 903 623 928 convexo
653 903 856 928 nemorum
886 891 957 927 sub
987 902 1079 939 rupe
1110 898 1242 927 cavata

178 952 376 988 arboribus
405 951 576 988 clausam
606 951 748 988 circum
778 958 892 999 atque
922 950 1164 987 horrentibus
1194 949 1338 986 umbris

179 1011 340 1056 occulit;
380 1011 460 1059 ipse
490 1022 567 1047 uno
598 1010 767 1059 graditur
797 1010 999 1047 comitatus
1029 1008 1188 1054 Achate,

178 1070 267 1106 bina
295 1082 412 1106 manu
441 1070 517 1107 lato
548 1071 720 1118 crispans
750 1069 897 1106 hastilia
926 1068 1037 1105 ferro.

179 1129 251 1166 Cui
281 1137 401 1166 mater
429 1130 555 1166 media
585 1142 668 1166 sese
698 1129 780 1166 tulit
809 1128 920 1165 obvia
950 1128 1053 1172 silva,

178 1190 331 1238 virginis
360 1201 405 1226 os
435 1189 685 1238 habitumque
714 1201 851 1237 gerens
881 1195 917 1224 et
947 1187 1100 1236 virginis
1130 1199 1248 1232 arma,

180 1248 390 1297 Spartanae
421 1248 479 1285 vel
509 1248 630 1297 qualis
660 1260 782 1296 equos
812 1246 994 1284 Threissa
1023 1246 1155 1295 fatigat

180 1307 399 1356 Harpalyce
429 1308 699 1356 volucremque
729 1306 819 1355 fuga
848 1306 1094 1355 praevertitur
1125 1305 1315 1342 Hebrum.

180 1366 360 1415 Namque
391 1367 530 1403 umeris
559 1366 607 1403 de
635 1378 743 1403 more
772 1365 939 1402 habilem
967 1364 1217 1413 suspenderat
1247 1375 1377 1401 arcum

179 1427 358 1472 venatrix,
390 1426 622 1475 dederatque
652 1438 806 1463 comam
837 1424 1048 1462 diffundere
1077 1424 1211 1470 ventis,

181 1485 284 1522 nuda
314 1497 415 1533 genu
444 1486 625 1534 nodoque
656 1486 760 1522 sinus
789 1484 948 1522 collecta
976 1484 1149 1520 fluentes.

182 1546 239 1582 Ac
269 1547 372 1593 prior
402 1545 557 1582 ‘Heus'
588 1545 721 1593 inquit,
751 1545 941 1589 ‘iuvenes,
972 1550 1195 1587 monstrate,
1224 1553 1396 1579 mearum

181 1606 324 1642 vidistis
355 1606 385 1642 si
415 1618 531 1654 quarn
562 1605 622 1642 hic
651 1612 840 1642 errantem
871 1604 964 1641 sorte
995 1616 1180 1648 sororum,

183 1666 417 1702 succinctam
447 1665 635 1713 pharetra,
667 1673 703 1701 et
732 1663 953 1701 maculosae
983 1663 1150 1711 tegmine
1180 1661 1301 1710 lyncis

183 1733 246 1762 aut
276 1726 487 1773 spumantis
517 1725 598 1773 apri
628 1736 781 1761 cursum
812 1723 978 1760 clamore
1007 1720 1269 1770 prementem.'

239 1785 300 1821 Sic
330 1784 475 1829 Venus,
506 1793 543 1821 et
571 1784 733 1820 Veneris
762 1790 896 1820 contra
925 1784 978 1819 sic
1008 1782 1105 1818 filius
1136 1793 1271 1818 orsus:

184 1844 322 1881 ‘Nulla
351 1850 501 1881 tuarum
532 1844 659 1880 audita
687 1843 779 1879 mihi
809 1854 932 1890 neque
963 1842 1040 1878 visa
1070 1852 1254 1883 sororum,

183 1916 381 1953 o—quam
412 1911 448 1940 te
477 1915 701 1948 memorem,
732 1902 865 1950 virgo?
905 1913 1072 1949 namque
1101 1900 1203 1937 haud
1233 1900 1299 1936 tibi
1331 1899 1453 1936 vultus

183 1965 364 2008 mortalis,
394 1976 465 2000 nec
497 1975 568 2000 vox
597 1963 795 2000 hominem
824 1968 959 2006 sonat;
998 1973 1022 1997 o
1053 1961 1125 1997 dea
1154 1967 1267 2003 certe,

184 2037 234 2061 an
263 2024 409 2060 Phoebi
439 2036 546 2060 soror
575 2035 624 2059 an
654 2022 920 2071 Nympharum
950 2021 1148 2069 sanguinis
1177 2020 1280 2056 una?

187 2085 245 2121 Sis
274 2083 373 2127 felix,
403 2090 653 2131 nostrumque
682 2081 783 2118 leves
813 2092 1081 2129 quaecumque
1112 2080 1296 2123 laborem,

185 2152 234 2188 et,
263 2155 341 2192 quo
371 2144 441 2179 sub
471 2142 577 2179 caelo
607 2141 774 2185 tandem,
805 2141 943 2189 quibus
972 2140 1076 2176 orbis
1106 2140 1144 2175 in
1175 2139 1251 2175 oris

185 2205 377 2246 iactemur,
407 2203 548 2239 doceas
565 2215 574 2247 3
617 2202 737 2250 ignari
766 2201 1042 2248 hominumque
1071 2200 1321 2248 locorumque

185 2276 364 2308 erramus,
395 2270 508 2300 vento
537 2263 612 2299 huc
641 2262 755 2298 vastis
784 2267 820 2298 et
850 2261 1024 2297 fluctibus
1054 2260 1151 2297 acti:

185 2323 303 2360 multa
331 2323 397 2359 tibi
427 2329 514 2359 ante
544 2333 628 2358 aras
658 2328 788 2358 nostra
817 2321 927 2357 cadet
956 2319 1081 2356 hostia
1110 2319 1265 2357 dextra!

1504 309 1569 339 300

1504 609 1566 640 305

1507 1201 1568 1232 315

1509 1496 1573 1527 320

1512 2092 1576 2123 330

241 2382 345 2418 Tum
374 2381 528 2418 Venus:
573 2380 714 2417 ‘Haud
745 2380 924 2428 equidem
953 2379 1017 2416 tali
1046 2390 1108 2415 me
1139 2379 1278 2428 dignor
1306 2379 1477 2424 honore;
1514 2393 1574 2424 335

186 2442 393 2491 virginibus
423 2440 549 2489 Tyriis
578 2452 664 2477 mos
693 2446 750 2477 est
778 2446 926 2489 gestare
956 2438 1173 2488 pharetram
