1669 2737
571 53 738 88 LIBER
766 53 816 88 X.
849 46 1059 108 808-885.

129 166 170 199 ut
198 172 267 210 pro
297 172 359 199 me
387 160 514 199 hostili
543 167 692 211 paterer
722 160 928 198 succedere
959 160 1125 205 dextrae,

130 232 245 269 quem
274 221 414 269 genui?
453 227 567 258 tuane
596 220 692 257 haec
721 221 872 269 genitor
901 232 969 269 per
998 220 1154 257 vulnera
1184 231 1322 264 servor,

130 285 254 315 morte
282 285 348 315 tua
377 280 532 316 vivens?
590 278 690 324 Heu,
722 291 824 315 nunc
853 279 993 315 misero
1023 277 1117 314 mihi
1146 277 1302 315 demum

130 337 286 374 exitium
315 337 457 383 infelix,
486 349 590 375 nunc
619 337 692 374 alte
721 337 856 374 vulnus
886 337 1074 374 adactum.
1104 379 1107 382 ¹

130 396 241 433 Idem
269 408 355 445 ego,
385 403 484 441 nate,
513 403 621 433 tuum
650 396 838 434 maculavi
868 396 1025 433 crimine
1055 407 1208 439 nomen,

130 455 262 505 pulsus
291 456 343 493 ob
372 456 552 493 invidiam
582 455 677 492 solio
708 455 943 504 sceptrisque
973 455 1150 503 paternis.

130 514 350 552 Debueram
378 515 520 564 patriae
549 526 697 564 poenas
726 515 901 563 odiisque
930 526 1128 551 meorum:

129 585 266 611 omnes
295 585 365 623 per
393 580 535 611 mortes
563 574 732 611 animam
763 581 915 611 sontem
945 573 1027 621 ipse
1058 574 1274 611 dedissem!

130 634 246 672 Nunc
274 636 359 671 vivo
387 647 513 684 neque
543 634 668 671 adhuc
697 633 876 672 homines
906 634 1109 683 lucemque
1138 635 1337 684 relinquo:

130 693 199 731 sed
227 694 420 742 linquam.'
478 693 597 731 Simul
625 693 700 730 hoc
730 693 861 730 dicens
890 693 1025 730 attollit
1053 693 1092 730 in
1123 706 1281 743 aegrum

130 765 170 790 se
198 752 321 791 femur
347 759 396 799 et,
426 764 661 803 quamquam
690 752 745 790 vis
774 752 849 789 alto
879 752 1033 789 vulnere
1064 753 1198 798 tardat,

128 812 232 850 haud
259 812 428 851 deiectus
455 824 599 862 equum
627 811 715 849 duci
745 812 858 849 iubet.
917 811 1009 849 Hoc
1039 812 1157 850 decus
1187 813 1247 860 illi,

129 871 204 908 hoc
232 871 404 909 solamen
432 878 533 917 erat3
572 871 679 908 bellis
709 870 782 908 hoc
812 870 933 908 victor
961 871 1089 908 abibat

128 931 320 969 omnibus.
377 930 594 980 Alloquitur
621 936 857 967 maerentem
886 936 922 967 et
950 929 1088 968 talibus
1118 931 1220 968 infit:

129 989 325 1036 ‘Rhaebe,
355 989 431 1035 diu,
461 1002 520 1027 res
550 990 579 1027 si
609 1001 686 1038 qua
715 988 778 1026 diu
808 989 1030 1026 mortalibus
1061 989 1133 1026 ulla
1163 996 1228 1036 est,

127 1048 299 1086 viximus.
358 1049 437 1086 Aut
464 1049 579 1087 hodie
608 1049 726 1086 victor
755 1048 878 1097 spolia
906 1048 968 1084 illa
997 1055 1154 1086 cruenta

128 1115 166 1146 et
194 1114 309 1158 caput
337 1109 493 1147 Aeneae
523 1107 662 1146 referes
691 1107 886 1156 Lausique
915 1107 1093 1144 dolorum

128 1168 227 1205 ultor
255 1168 327 1206 eris
356 1181 510 1206 mecum
539 1174 614 1212 aut,
645 1167 766 1216 aperit
794 1167 825 1204 si
854 1166 956 1204 nulla
984 1167 1083 1204 viam
1113 1169 1180 1213 vis,

128 1228 337 1265 occumbes
366 1228 529 1277 pariter3
572 1239 698 1276 neque
726 1226 842 1271 enim,
872 1226 1088 1273 fortissime,
1120 1228 1247 1273 credo,

127 1287 230 1324 iussa
257 1287 381 1324 aliena
409 1288 486 1336 pati
516 1293 554 1324 et
582 1286 763 1324 dominos
793 1285 1002 1335 dignabere
1032 1286 1230 1325 Teucros!

127 1346 234 1384 Dixit
261 1354 299 1385 et
327 1354 511 1396 exceptus
541 1353 649 1395 tergo
681 1352 864 1384 consueta
892 1346 1029 1384 locavit

127 1407 300 1445 membra
328 1419 541 1456 manusque
570 1407 704 1443 ambas
734 1405 863 1443 iaculis
892 1406 1062 1443 oneravit
1091 1407 1220 1451 acutis,

127 1479 213 1505 aere
243 1474 358 1516 caput
387 1466 537 1515 fulgens
567 1466 757 1516 cristaque
785 1465 953 1503 hirsutus
984 1465 1135 1515 equina.

129 1526 192 1564 Sic
221 1538 374 1564 cursum
403 1527 442 1563 in
471 1525 619 1564 medios
649 1525 803 1575 rapidus
832 1524 960 1562 dedit:
1001 1531 1147 1562 aestuat
1177 1525 1313 1574 ingens

126 1597 206 1623 uno
234 1585 274 1622 in
303 1585 418 1623 corde
447 1585 571 1635 pudor
598 1585 796 1634 mixtoque
824 1584 972 1621 insania
1000 1584 1103 1621 luctu

128 1642 184 1698 [et
214 1645 317 1683 furiis
346 1646 508 1695 agitatus
537 1657 646 1683 amor
675 1651 713 1682 et
741 1645 899 1682 conscia
928 1641 1075 1694 virtus],

127 1711 241 1754 atque
270 1704 331 1742 hic
361 1705 522 1742 Aenean
550 1716 693 1753 magna
721 1710 777 1741 ter
805 1715 900 1741 voce
928 1703 1089 1740 vocavit.

127 1764 282 1802 Aeneas
311 1765 467 1813 agnovit
495 1765 597 1802 enim
627 1765 823 1812 laetusque
853 1769 1051 1812 precatur:

128 1823 214 1861 ‘Sic
242 1823 355 1861 Pater
383 1823 444 1860 ille
473 1823 589 1861 deum
617 1823 740 1869 saciat,
770 1822 824 1861 sic
854 1822 952 1859 altus
980 1822 1134 1871 Apollo,

126 1882 286 1932 incipias
317 1883 492 1921 conferre
520 1882 701 1921 manum.'

128 1941 300 1979 Tantum
330 1941 466 1979 effatus
495 1948 532 1980 et
561 1942 697 1980 infesta
725 1943 825 1981 subit
853 1943 986 1980 obvius
1015 1941 1134 1979 hasta.

128 2001 196 2039 Ille
226 2007 353 2039 autem
383 2001 513 2048 ‘Quid
540 2014 603 2039 me
632 2008 777 2051 erepto,
806 2002 1036 2045 saevissime,
1069 2006 1159 2038 nato

127 2061 272 2098 terres?
329 2059 440 2098 Haec
469 2061 530 2098 via
559 2061 640 2098 sola
668 2061 746 2106 fuit,
776 2073 853 2109 qua
881 2060 1039 2109 perdere
1068 2071 1215 2109 posses.

128 2120 213 2158 Nec
242 2127 404 2157 mortem
432 2120 634 2157 horremus
663 2132 735 2158 nec
766 2120 893 2157 divum
923 2120 1114 2168 parcimus
1143 2119 1219 2156 ulli.

127 2179 296 2217 Desine:
337 2191 427 2216 nam
455 2180 567 2217 venio
597 2180 802 2216 moriturus
831 2180 869 2216 et
897 2178 991 2216 haec
1021 2179 1087 2215 tibi
1117 2184 1229 2227 porto

128 2239 232 2276 dona
262 2238 387 2288 prius.'
442 2237 549 2275 Dixit
578 2238 772 2287 telumque
802 2238 950 2275 intorsit
980 2238 1019 2274 in
1048 2237 1224 2282 hostem;

127 2297 218 2335 inde
247 2297 348 2334 aliud
376 2309 489 2346 super
518 2305 632 2347 atque
661 2296 763 2333 aliud
792 2296 947 2345 figitque
977 2295 1154 2345 volatque

127 2356 273 2406 ingenti
302 2368 407 2405 gyro,
439 2355 506 2393 sed
535 2356 693 2393 sustinet
722 2368 859 2392 aureus
888 2356 1017 2393 umbo.

128 2415 209 2454 Ter
238 2416 381 2454 circum
410 2420 599 2453 astantem
627 2414 753 2452 laevos
783 2414 963 2464 equitavit
991 2415 1030 2452 in
1059 2415 1172 2453 orbes

1437 56 1518 100 295

1454 345 1518 382 850

1455 938 1518 969 860

1453 1235 1514 1273 865

1452 1533 1515 1570 870

1452 2124 1516 2154 880

1451 2420 1511 2460 885
