1669 2737
160 77 174 104 1
182 76 236 119 32
728 71 954 110 AENEJS.

153 178 203 216 Et
230 186 336 229 pater
363 179 552 218 Anchises
583 180 704 229 passis
734 180 781 218 de
810 180 918 218 litore
947 181 1085 231 palmis

153 240 310 275 numina
338 251 480 287 magna
508 246 621 276 vocat
650 239 883 289 meritosque
911 240 1041 278 indicit
1070 241 1266 281 honores:

154 297 237 334 “Di
266 298 464 347 prohibete
494 298 642 344 minas3
682 298 719 335 di
744 299 858 336 talem
888 300 1042 336 avertite
1071 311 1204 338 casum

153 364 191 395 et
219 358 356 406 placidi
385 365 529 396 servate
559 357 676 407 pios.''
733 358 838 396 Tum
867 359 976 397 litore
1006 359 1138 396 funem

152 417 321 466 deripere
351 430 611 466 excussosque
640 418 743 455 iubet
771 418 899 456 laxare
927 418 1116 456 rudentes.

152 476 335 515 Tendunt
364 477 446 514 vela
475 478 578 525 noti;
618 477 773 515 ferimur
802 480 1070 527 spumantibus
1099 479 1224 523 undis,

152 548 227 585 qua
254 549 406 574 cursum
435 544 646 587 ventusque
676 539 984 588 gubernatorque
1012 539 1182 576 vocabat.

152 596 234 632 Iam
264 597 391 634 medio
421 604 578 646 apparet
607 597 725 635 fluctu
753 609 958 635 nemorosa
990 598 1208 648 Zacynthos

150 655 446 706 Dulichiumque
476 656 668 705 Sameque
698 663 735 694 et
764 656 918 694 Neritos
946 657 1065 695 ardua
1093 657 1206 695 saxis.

149 715 366 765 Effugimus
396 716 576 765 scopulos
605 717 774 762 Ithacae,
805 717 957 755 Laertia
985 729 1115 766 regna,

149 781 187 812 et
214 782 348 812 terram
380 776 549 812 altricem
577 777 677 814 saevi
705 789 947 814 exsecramur
975 776 1090 814 Ulixi.

149 833 246 871 Mox
275 842 313 872 et
342 834 533 872 Leucatae
562 835 739 873 nimbosa
768 837 967 874 cacumina
996 836 1139 873 montis

149 899 186 929 et
216 893 438 931 formidatus
467 895 592 932 nautis
621 895 787 945 aperitur
815 895 968 944 Apollo.

149 951 267 990 Hunc
297 954 460 1002 petimus
489 953 577 991 fessi
607 961 644 991 et
672 967 810 1004 parvae
839 955 1080 993 succedimus
1108 955 1214 1001 u1·bi;

148 1023 289 1049 ancora
318 1012 365 1049 de
394 1024 509 1062 prora
537 1014 679 1058 iacitur,
710 1020 812 1051 stant
839 1014 948 1051 litore
976 1026 1138 1063 puppes.

202 1070 332 1120 ‘Ergo
361 1072 552 1121 insperata
580 1073 736 1110 tandem
765 1073 896 1110 tellure
925 1073 1032 1122 potiti

146 1131 421 1180 lustramurque
450 1132 532 1169 Iovi
560 1134 734 1181 votisque
763 1133 1004 1170 incendimus
1033 1145 1116 1171 aras

145 1190 334 1239 Actiaque
363 1191 489 1228 Iliacis
518 1192 752 1229 celebramus
782 1192 891 1229 litora
919 1192 1028 1229 ludis.

145 1249 336 1286 Exercent
363 1250 502 1298 patrias
531 1250 618 1288 oleo
648 1251 798 1288 labente
828 1251 1034 1300 palaestras

144 1309 275 1346 nudati
305 1310 410 1355 socii,
440 1311 542 1347 iuvat
570 1311 736 1348 evasisse
765 1316 821 1347 tot
850 1311 966 1348 urbes

143 1369 343 1418 Argolicas
372 1370 597 1419 mediosque
627 1370 759 1419 fugam
788 1371 956 1409 tenuisse
985 1383 1053 1420 per
1082 1372 1223 1410 hostes.

143 1428 293 1466 Interea
320 1441 505 1478 magnum
536 1429 592 1467 sol
622 1429 925 1467 circumvolvitur
953 1442 1109 1475 annum,

143 1495 180 1525 et
207 1488 375 1536 glacialis
405 1488 555 1538 hiemps
583 1489 840 1538 Aquilonibus
869 1496 1021 1538 asperat
1050 1489 1197 1527 undas:

143 1559 229 1584 aere
258 1559 353 1585 cavo
383 1548 559 1596 clipeum,
591 1549 722 1597 magni
751 1556 954 1598 gestamen
982 1549 1157 1594 Abantis,

142 1606 315 1656 postibus
345 1606 510 1644 adversis
540 1607 617 1656 figo
646 1614 683 1644 et
712 1620 794 1644 rem
823 1608 992 1645 carmine
1021 1608 1130 1656 signo

143 1670 321 1703 “AENEAS
349 1678 448 1704 HAEC
477 1678 528 1703 DE
556 1679 694 1704 DANAIS
721 1678 947 1705 VICTORIBUS
976 1665 1120 1704 ARMA.”

140 1724 333 1774 Linquere
361 1732 443 1763 tum
471 1732 604 1775 portus
633 1727 747 1763 iubeo
776 1733 813 1763 et
842 1726 1041 1764 considere
1071 1727 1254 1765 transtris.

141 1784 322 1823 Certatim
352 1785 443 1822 socii
473 1784 611 1822 feriunt
639 1797 744 1822 mare
774 1792 811 1822 et
839 1797 1008 1834 aequora
1036 1792 1198 1823 verrunt.

139 1844 315 1882 Protinus
342 1845 463 1882 a'e'rias
492 1844 712 1882 Phaeacum
740 1844 1014 1882 abscondimus
1044 1857 1150 1882 arces

138 1903 323 1953 litoraque
351 1903 458 1954 Epiri
486 1903 649 1953 legimus
677 1911 868 1953 portuque
898 1904 1069 1941 subimus

141 1962 317 2000 Chaonio
347 1969 384 2000 et
412 1963 554 2000 celsam
585 1963 758 2000 Buthroti
787 1963 1005 2001 accedimus
1035 1964 1180 2001 urbem.

194 2021 271 2059 Hic
299 2022 531 2059 incredibilis
560 2034 686 2059 rerum
714 2022 816 2060 fama
845 2028 1010 2072 occupat
1038 2034 1159 2067 aures,

139 2080 358 2118 Priamiden
388 2081 584 2119 Helenum
614 2081 751 2120 Graias
780 2093 938 2131 regnare
968 2094 1036 2131 per
1064 2083 1189 2127 urbes,

139 2141 319 2190 coniugio
348 2141 540 2179 Aeacidae
570 2141 701 2190 Pyrrhi
730 2142 966 2190 sceptrisque
994 2141 1173 2190 potitum,

138 2205 176 2237 et
203 2200 326 2249 patrio
357 2200 659 2238 Andromachen
688 2201 824 2238 iterum
853 2201 1014 2238 cessisse
1042 2201 1192 2238 marito.

140 2258 342 2309 Obstupui,
371 2261 544 2310 miroque
573 2260 775 2298 incensum
803 2266 940 2309 pectus
969 2271 1100 2297 amore

140 2318 369 2368 compellare
397 2320 519 2356 virum
547 2327 584 2358 et
612 2331 726 2357 casus
755 2330 993 2368 cognoscere
1023 2324 1161 2358 tantos.

140 2378 370 2428 Progredior
397 2386 511 2428 portu
539 2379 679 2417 classes
707 2385 745 2416 et
773 2379 883 2416 litora
910 2378 1098 2427 linquens,

141 2438 345 2477 sollemnes
373 2450 463 2476 cum
488 2438 587 2484 forte
616 2438 735 2488 dapes
763 2444 801 2476 et
827 2438 947 2476 tristia
976 2437 1080 2475 dona

1473 1197 1536 1229 280

1469 1801 1533 1833 290

1468 2097 1484 2120 ἱ.)

1488 2097 1529 2130 ἓ.

1463 2394 1530 2425 300
