1669 2737
553 81 721 116 LIBER
750 82 847 118 XII.
880 76 1092 132 573÷649.

133 188 314 226 canitiem
342 188 544 227 immundo
573 189 767 239 perfusam
796 190 950 239 pulvere
979 197 1148 239 turpans

136 245 353 300 [Multaque
383 261 424 287 se
453 249 612 296 incusat,
641 250 705 299 qui
734 262 815 287 non
843 250 1032 299 acceperit
1062 258 1151 287 ante

133 307 374 345 Dardanium
402 308 565 346 Aenean
593 321 856 358 generumque
886 310 1058 346 asciverit
1086 306 1216 361 ultro.]

189 366 341 405 Interea
370 376 542 406 extremo
571 369 730 406 bellator
758 370 798 406 in
828 381 996 419 aequore
1027 369 1184 406 Turnus

133 426 310 475 palantes
339 428 507 477 sequitur
535 440 680 476 paucos
708 429 784 465 iam
815 428 968 477 segnior
997 435 1110 477 atque

133 487 211 523 iam
239 488 366 525 minus
395 495 509 537 atque
538 489 666 526 minus
696 500 877 526 successu
906 489 1027 526 laetus
1056 500 1256 537 equorum.

134 547 270 584 Attulit
297 547 399 585 hunc
427 548 478 585 illi
507 549 631 586 caecis
661 549 866 586 terroribus
895 561 988 586 aura

134 607 387 644 commixtum
416 608 622 645 clamorem
652 615 892 657 arrectasque
922 608 1071 657 impulit
1101 620 1212 645 aures

134 665 321 704 confusae
350 679 468 704 sonus
497 668 599 705 urbis
629 674 666 704 et
695 667 894 704 illaetabile
923 680 1107 704 murmur.

135 725 236 763 ‘Hei
265 726 378 764 mihi!
420 727 510 776 quid
540 733 646 764 tanto
676 728 874 764 turbantur
903 729 1059 765 moenia
1088 727 1219 764 luctu?

134 786 266 834 quisve
296 785 368 822 ruit
397 792 524 823 tantus
554 787 701 824 diversa
731 787 875 824 clamor
904 788 953 824 ab
983 787 1127 824 urbe?'

136 844 198 882 Sic
227 846 278 882 ait
306 846 557 896 adductisque
587 859 721 884 amens
751 848 921 884 subsistit
949 847 1122 884 habenis.

134 903 262 953 Atque
290 904 390 951 huic,
419 907 458 943 in
487 906 624 944 faciem
656 918 763 944 soror
792 914 831 944 ut
861 919 1046 944 conversa
1076 905 1227 943 Metisci

134 964 287 1013 aurigae
317 977 546 1015 currumque
577 974 614 1004 et
644 978 766 1015 equos
797 975 833 1003 et
862 966 944 1004 lora
974 967 1144 1015 regebat,

133 1023 272 1061 talibus
301 1026 464 1063 occurrit
493 1026 629 1064 dictis:
671 1026 794 1072 ‘Hac,
825 1026 969 1071 Turne,
999 1038 1204 1074 sequamur

134 1082 389 1134 Troiugenas,
420 1097 496 1134 qua
525 1087 647 1135 prima
676 1087 774 1123 viam
806 1087 966 1124 victoria
995 1086 1151 1135 pandit;

134 1150 224 1181 sunt
251 1145 324 1191 alii,
354 1147 419 1195 qui
447 1153 547 1184 tecta
575 1160 692 1184 manu
723 1147 928 1184 defendere
958 1147 1118 1196 possint.

134 1202 284 1252 Ingruit
312 1205 465 1244 Aeneas
496 1206 600 1244 Italis
630 1215 666 1243 et
696 1207 840 1256 proelia
870 1207 1026 1244 miscet:

134 1270 172 1301 et
200 1277 272 1302 nos
303 1278 416 1304 saeva
444 1279 562 1304 manu
590 1268 786 1305 mittamus
816 1267 951 1304 funera
981 1266 1153 1302 Teucris.

134 1325 220 1364 Nec
249 1340 409 1366 numero
438 1330 591 1367 inferior
619 1342 773 1379 pugnae
804 1342 875 1367 nec
904 1329 1052 1366 honore
1082 1327 1261 1365 recedes.’

136 1387 294 1427 Turnus
323 1391 371 1427 ad
401 1390 496 1429 haec
511 1404 519 1429 :

136 1448 195 1486 ‘O
225 1462 345 1496 soror,
375 1458 412 1488 et
441 1451 587 1489 dudum
616 1452 768 1501 agnovi,
800 1464 888 1489 cum
918 1452 1042 1500 prima
1071 1462 1140 1499 per
1170 1456 1288 1485 artem

135 1508 292 1547 foedera
321 1511 479 1548 turbasti
509 1519 623 1561 teque
653 1512 749 1549 haec
779 1512 818 1548 in
848 1511 948 1547 bella
979 1509 1128 1553 dedisti,

135 1576 172 1606 et
201 1581 304 1607 nunc
334 1571 568 1620 nequiquam
599 1572 693 1609 fallis
723 1572 804 1608 dea.
865 1570 938 1607 Sed
971 1570 1055 1618 quis
1086 1568 1256 1617 Olympo

136 1629 343 1667 demissam
373 1637 499 1669 tantos
530 1631 646 1669 voluit
675 1639 711 1668 te
740 1631 837 1668 ferre
867 1630 1044 1666 labores?

135 1703 185 1728 an
214 1691 337 1729 fratris
366 1693 493 1730 miseri
523 1693 640 1730 letum
670 1700 711 1730 ut
741 1692 891 1730 crudele
921 1691 1093 1727 videres?

134 1764 226 1789 nam
255 1753 346 1802 quid
375 1756 477 1803 ago?
515 1763 578 1792 aut
608 1767 706 1804 quae
736 1755 812 1791 iam
843 1752 1010 1802 spondet
1039 1751 1209 1788 Fortuna
1241 1749 1430 1787 salutem?

133 1811 226 1850 Vidi
255 1813 390 1852 oculos
419 1814 506 1852 ant‘e
536 1816 617 1864 ipse
647 1826 757 1852 meos
787 1825 849 1850 me
880 1824 976 1850 voce
1005 1817 1211 1848 vocantem

135 1871 375 1918 Murranum,
406 1886 483 1924 quo
513 1887 594 1912 non
624 1880 779 1924 superat
807 1872 899 1909 mihi
931 1872 1051 1909 carior
1080 1871 1183 1913 alter,

135 1939 318 1980 oppetere
347 1933 544 1982 ingentem
575 1942 689 1983 atque
720 1933 867 1979 ingenti
896 1932 1049 1968 vulnere
1078 1931 1232 1967 victum.

136 1990 290 2029 Occidit
317 1993 446 2031 infelix
476 2002 650 2032 nostrum
681 2007 729 2030 ne
759 1992 926 2030 dedecus
955 1990 1080 2028 Ufens

111 2051 346 2100 *aspiceret3
387 2053 529 2091 Teucri
558 2054 756 2103 potiuntur
787 2063 949 2099 corpore
979 2057 1015 2087 et
1045 2049 1170 2086 armis.

136 2109 373 2149 Exscindine
403 2113 540 2151 domos
572 2112 627 2162 (id
657 2113 769 2149 rebus
799 2110 917 2148 defuit
947 2108 1084 2158 unum)

136 2173 338 2221 perpetiar,
369 2173 502 2211 dextra
531 2187 603 2211 nec
632 2173 796 2209 Drancis
826 2171 926 2208 dicta
954 2169 1150 2207 refellam?

137 2230 268 2280 Terga
296 2231 396 2269 dabo
427 2241 464 2271 et
493 2233 670 2270 Turnum
701 2231 911 2280 fugientem
940 2229 1036 2266 haec
1064 2236 1163 2266 terra
1192 2227 1357 2264 videbit?

124 2289 271 2340 'Usque
300 2292 449 2330 adeone
478 2294 577 2330 mori
607 2292 790 2328 miserum
820 2291 901 2326 est?
940 2301 1008 2326 vos
1039 2301 1062 2326 O
1093 2288 1186 2324 mihi
1216 2287 1356 2325 Manes

137 2356 215 2388 este
244 2352 346 2396 boni,
378 2353 561 2401 quoniam
596 2351 752 2400 Superis
782 2361 913 2386 aversa
941 2348 1138 2385 voluntas!

138 2410 280 2449 Sancta
308 2412 357 2449 ad
386 2425 455 2450 vos
485 2413 613 2449 anima
642 2419 755 2460 atque
785 2410 892 2446 istius
927 2408 1047 2445 inscia
1076 2407 1210 2456 culpae

137 2470 382 2517 descendam,
412 2485 644 2521 magnorum
673 2470 776 2508 haud
805 2481 991 2518 umquam
1020 2468 1199 2516 indignus
1229 2466 1410 2505 avorum?

193 2548 280 2574 VOL.
310 2549 332 2573 Ι.
831 2545 850 2569 Ζ

1442 85 1524 131 337

1464 733 1527 763 620

1464 1029 1525 1070 625

1463 1332 1526 1371 630

1466 1935 1528 1975 640

1465 2234 1525 2274 645
