1669 2737
144 69 196 112 82
697 73 984 110 GEORGJCA.

144 184 304 233 Iamque
333 183 438 220 vale:
478 182 579 220 feror
607 182 752 231 ingenti
783 181 1015 220 circumdata
1043 187 1158 219 nocte

144 243 405 291 invalidasque
435 242 501 279 tibi
530 241 702 286 tendens,
734 241 808 278 heu
837 253 917 277 non
946 248 1020 286 tua,
1050 237 1288 289 palmas—.”

144 302 262 347 Dixit,
293 310 329 338 et
359 314 406 338 ex
436 301 555 338 oculis
586 301 710 337 subito
741 313 812 337 ceu
841 300 968 337 fumus
998 300 1036 336 in
1066 311 1177 336 auras

146 361 376 399 commixtus
405 368 538 397 tenues
567 360 663 408 fugit
692 359 852 404 diversa,
879 371 1004 408 neque
1034 359 1138 395 illum

145 427 389 469 prensantem
418 419 652 467 nequiquam
682 419 837 455 umbras
866 425 902 454 et
931 418 1050 454 multa
1080 417 1271 454 volentem

147 481 270 517 dicere
300 486 495 527 praeterea
522 477 636 523 vidit;
674 489 745 514 nec
774 478 933 526 portitor
963 476 1054 514 Orci

146 539 308 587 amplius
338 538 529 574 obiectam
558 548 695 584 passus
725 536 882 572 transire
914 535 1105 584 paludem.

147 597 252 644 Quid
281 597 446 634 faceret?
496 595 587 641 Quo
617 607 657 632 se
686 602 793 643 rapta
821 595 880 631 bis
910 595 1076 642 coniuge
1107 593 1248 631 ferret?

147 656 239 702 Quo
269 656 359 692 fletu
388 655 538 699 Manes,
568 666 667 703 quae
696 654 856 690 numina
884 666 979 690 voce
1009 653 1204 690 moveret?

147 716 217 752 Illa
247 715 402 764 quidem
433 713 564 763 Stygia
593 713 709 749 nabat
738 713 815 749 iam
845 712 980 761 frigida
1010 712 1158 760 cymba.

150 776 305 823 Septem
336 774 440 810 illum
470 779 572 810 totos
602 772 802 821 perhibent
831 784 878 808 ex
909 770 1041 808 ordine
1071 781 1226 807 menses

148 846 241 882 rupe
273 833 342 870 sub
371 833 471 869 aeria
500 832 636 868 deserti
666 831 715 868 ad
745 830 959 880 Strymonis
988 830 1134 866 undam

149 894 297 931 flevisse
327 900 363 930 et
391 891 525 940 gelidis
554 890 648 928 haec
678 890 861 927 evolvisse
891 890 961 926 sub
991 890 1099 925 astris

149 953 380 990 mulcentem
409 952 523 999 tigres
553 958 588 987 et
617 956 795 998 agentem
825 949 993 986 carmine
1025 959 1187 995 quercus
1204 959 1216 993 ς

151 1013 271 1062 qualis
299 1011 465 1060 populea
494 1022 669 1046 maerens
698 1008 905 1057 philomela
935 1008 1006 1044 sub
1036 1007 1173 1043 umbra

151 1072 313 1109 amissos
344 1070 509 1119 queritur
541 1068 649 1113 fetus,
680 1080 778 1116 quos
809 1067 925 1104 durus
954 1073 1079 1103 arator

151 1132 360 1168 observans
390 1129 481 1166 nido
511 1128 715 1176 implumes
745 1127 928 1171 detraxit;
970 1133 1007 1162 at
1037 1125 1098 1161 illa

152 1191 216 1227 flet
245 1197 412 1233 noctem,
443 1200 628 1236 ramoque
658 1187 797 1224 sedens
826 1184 1040 1222 miserabile
1071 1196 1224 1220 carmen

152 1251 326 1297 integrat,
356 1255 392 1284 et
421 1248 577 1283 maestis
606 1247 678 1282 late
708 1245 794 1282 loca
823 1244 1020 1293 questibus
1049 1243 1194 1291 implet.

154 1308 268 1345 Nulla
296 1307 442 1351 Venus,
474 1318 553 1342 non
582 1305 646 1341 ulli
676 1304 847 1341 animum
877 1303 1016 1339 flexere
1046 1300 1258 1350 hymenaei.

157 1368 268 1405 Solus
298 1366 557 1415 hyperboreas
587 1364 726 1412 glacies
756 1363 999 1411 Tanaimque
1030 1361 1192 1397 nivalem

155 1438 318 1475 arvaque
350 1424 534 1472 Rhipaeis
564 1434 763 1471 nunquam
793 1422 945 1458 viduata
975 1421 1118 1470 pruinis

154 1487 336 1525 lustrabat
364 1491 513 1532 raptam
542 1482 758 1529 Eurydicen
787 1487 899 1529 atque
929 1480 1030 1516 irrita
1058 1478 1157 1515 Ditis

157 1548 259 1585 dona
287 1556 469 1593 querens;
510 1549 656 1592 spretae
686 1540 876 1578 Ciconum
907 1552 984 1588 quo
1013 1550 1170 1575 munere
1200 1544 1340 1574 matres

157 1608 253 1643 inter
282 1616 388 1642 sacra
416 1603 531 1639 deum
562 1600 812 1648 nocturnique
844 1600 953 1648 orgia
985 1598 1126 1635 Bacchi

158 1666 390 1713 discerptum
419 1662 516 1698 latos
537 1662 721 1697 iuvenem
751 1670 921 1707 sparsere
951 1670 1018 1706 per
1047 1668 1172 1704 agros.

159 1725 264 1762 Turn
293 1733 446 1771 quoque
475 1731 690 1756 marmorea
719 1724 832 1766 caput
862 1729 885 1753 a
912 1716 1057 1753 cervice
1086 1715 1275 1752 revulsum

158 1783 308 1833 gurgite
338 1793 426 1818 cum
455 1779 583 1816 medio
612 1785 767 1826 portans
798 1775 988 1824 Oeagrius
1018 1774 1175 1811 Hebrus

159 1843 335 1884 volveret,
365 1839 582 1887 Eurydicen
611 1849 687 1873 vox
715 1835 799 1884 ipsa
829 1842 866 1872 et
895 1834 1030 1882 frigida
1058 1834 1188 1881 lingua

162 1901 280 1937 “Ah!
320 1900 497 1935 miseram
527 1896 744 1944 Eurydicen
760 1894 781 1908 ''
813 1895 941 1931 anima
970 1893 1137 1941 fugiente
1166 1891 1339 1935 vocabat,

160 1959 377 2008 Eurydicen
407 1964 488 1994 toto
518 1956 731 1993 referebant
758 1953 916 1991 flumine
946 1952 1072 2000 ripae.'

216 2018 327 2055 Haec
356 2016 527 2060 Proteus,
558 2021 594 2051 et
624 2026 664 2050 se
694 2014 795 2050 iactu
825 2011 929 2049 dedit
958 2022 1103 2059 aequor
1131 2010 1170 2046 in
1200 2008 1331 2051 altum,

162 2089 315 2125 quaque
346 2075 458 2119 dedit,
490 2080 733 2123 spumantem
763 2070 907 2108 undam
936 2070 1007 2106 sub
1036 2068 1173 2105 vertice
1203 2067 1324 2104 torsit.

163 2139 216 2174 At
245 2148 325 2173 non
354 2134 525 2183 Cyrene;
565 2144 733 2180 namque
761 2130 860 2166 ultro
890 2128 1004 2166 affata
1033 2128 1257 2164 timentem:

220 2196 358 2240 ‘Nate‚
389 2195 475 2232 licet
504 2194 628 2231 tristes
658 2192 786 2228 animo
817 2190 1008 2237 deponere
1037 2199 1157 2224 curas.

165 2256 277 2294 Haec
307 2255 431 2291 omnis
460 2253 583 2289 morbi
613 2263 739 2295 causa,
768 2250 858 2286 hinc
887 2246 1099 2284 miserabile
1129 2244 1346 2295 Nymphae,

167 2328 253 2353 cum
284 2314 420 2363 quibus
450 2313 512 2349 illa
541 2311 680 2349 choros
709 2309 802 2346 lucis
833 2307 998 2356 agitabat
1026 2306 1065 2342 in
1094 2305 1189 2350 altis,

168 2375 324 2413 exitium
353 2373 490 2409 misere
520 2371 666 2419 apibus.
723 2368 788 2405 Tu
817 2377 975 2403 munera
1004 2364 1166 2413 supplex

169 2434 283 2472 tende
311 2440 444 2482 petens
473 2442 621 2480 pacem,
651 2435 688 2466 et
717 2427 844 2465 faciles
873 2435 1051 2462 venerare
1082 2422 1284 2472 Napaeas;

1471 370 1533 401 500

1473 665 1534 695 505

1477 957 1540 990 510

1480 1253 1541 1284 515

1481 1548 1546 1580 5²0

1489 2141 1504 2171 en

1512 2140 1530 2170 ω

1533 2141 1553 2161 0

1493 2434 1553 2465 535
