1669 2737
554 70 722 111 LYBER
750 70 783 112 Ῐ.
819 63 949 111 108—1
960 70 1024 124 85.

94 184 221 224 Prima
251 185 368 224 Ceres
396 184 495 223 ferro
525 184 703 222 mortales
732 190 874 222 vertere
904 191 1043 222 terram

93 245 264 291 instituit,
294 257 383 282 cum
411 245 488 282 iam
517 244 675 294 glandes
706 250 819 292 atque
849 244 981 280 arbuta
1011 255 1143 280 sacrae

95 303 299 341 deficerent
330 303 445 341 silvae
473 310 511 340 et
539 303 679 340 victum
708 302 878 339 Dodona
907 310 1075 351 negaret.

94 361 191 399 Mox
220 369 257 400 et
285 363 482 400 frumentis
512 362 620 399 labor
648 362 810 407 additus,
841 369 881 398 ut
910 362 1011 398 mala
1041 361 1189 398 culmos

93 428 195 459 esset
223 422 371 471 robigo,
402 422 607 471 segnisque
636 421 804 458 horreret
834 421 872 457 in
902 421 997 458 arvis

95 480 282 518 carduus:
322 481 511 518 intereunt
539 487 699 529 segetes,
731 480 830 517 subit
859 492 991 528 aspera
1021 479 1123 523 silva,

93 540 307 589 lappaeque
337 539 549 589 tribolique,
580 540 753 588 interque
782 539 940 576 nitentia
968 539 1068 576 culta

95 597 225 636 infelix
255 599 387 636 lolium
416 605 453 636 et
482 598 625 636 steriles
656 598 901 635 dominantur
930 610 1084 635 avenae.

96 658 215 705 Quod
243 659 315 696 nisi
344 666 380 696 et
409 658 569 696 assiduis
598 658 755 695 herbam
785 659 1020 695 insectabere
1050 657 1190 702 rastris,

95 725 133 755 et
161 718 287 759 sonitu
314 718 470 755 terrebis
500 730 599 762 aves,
630 724 667 754 et
696 717 789 754 ruris
820 718 931 766 opaci

94 776 191 815 falce
219 789 370 826 premes
399 778 564 822 umbras,
594 777 766 825 votisque
797 777 990 813 vocaveris
1020 776 1192 820 imbrem,

91 834 169 873 heu
192 848 376 885 magnum
405 837 557 874 alterius
587 836 722 872 frustra
751 836 940 884 spectabis
969 847 1158 878 acervum,

88 907 360 945 concussaque
389 895 531 932 famem
559 895 598 931 in
629 895 727 932 silvis
756 894 928 931 solabere
958 906 1113 943 quercu.

148 954 367 992 Dicendum
397 962 445 999 et,
475 967 573 1003 quae
602 954 676 991 sint
705 954 807 992 duris
837 954 1049 1002 agrestibus
1084 965 1200 997 arma,

95 1014 180 1063 quis
209 1015 291 1051 sine
320 1026 391 1051 nec
420 1021 577 1062 potuere
607 1014 678 1051 seri
708 1025 779 1050 nec
809 1025 961 1062 surgere
992 1024 1160 1049 messes:

95 1073 219 1110 vomis
247 1079 285 1109 et
312 1072 442 1109 inflexi
471 1073 637 1121 primum
666 1085 779 1121 grave
808 1074 922 1109 robur
952 1072 1062 1109 aratri

96 1131 279 1180 tardaque
308 1130 511 1169 Eleusinae
540 1132 669 1169 matris
698 1131 886 1168 volventia
915 1131 1080 1179 plaustra

96 1190 307 1240 tribulaque
337 1190 565 1239 traheaeque
595 1199 630 1228 et
660 1191 791 1239 iniquo
822 1190 994 1239 pondere
1024 1189 1155 1234 rastri;

96 1250 224 1299 virgea
251 1256 445 1298 praeterea
475 1249 584 1287 Celei·
611 1250 768 1298 vilisque
803 1249 984 1297 supellex,

97 1310 275 1346 arbuteae
305 1316 427 1346 crates
457 1316 494 1346 et
523 1310 682 1358 mystica
710 1321 858 1345 vannus
888 1307 1026 1345 Iacchi.

98 1367 243 1406 Omnia
272 1380 370 1417 quae
399 1368 519 1405 multo
549 1377 636 1406 ante
665 1380 814 1405 memor
843 1367 994 1417 provisa
1024 1378 1198 1416 repones,

97 1429 128 1467 si
157 1435 194 1466 te
224 1428 342 1477 digna
368 1435 497 1466 manet
526 1429 640 1466 divini
668 1429 790 1478 gloria
819 1428 925 1465 ruris.

99 1487 295 1526 Continuo
324 1487 363 1523 in
391 1488 491 1525 silvis
519 1500 663 1536 magna
691 1489 726 1524 vi
754 1487 854 1524 flexa
884 1487 1062 1524 domatur

97 1549 137 1585 in
165 1548 290 1585 burim
319 1554 355 1585 et
384 1548 486 1585 curvi
514 1547 680 1585 formam
708 1548 845 1596 accipit
874 1547 1000 1583 ulmus
1030 1546 1151 1582 aratri.

99 1607 204 1644 Huic
233 1619 256 1643 a
284 1607 400 1656 stirpe
429 1607 548 1656 pedes
576 1614 680 1644 temo
711 1613 909 1655 protentus
939 1606 977 1641 in
1007 1613 1110 1650 octo,

98 1667 212 1703 binae
241 1678 361 1711 aures,
393 1666 536 1715 duplici
566 1673 743 1716 aptantur
773 1664 940 1702 dentalia
965 1664 1091 1701 dorso.

99 1725 280 1764 Caeditur
308 1733 346 1763 et
373 1726 451 1763 tilia
479 1733 568 1764 ante
596 1727 686 1775 iugo
717 1725 806 1763 levis
837 1724 988 1773 altaque
1019 1723 1129 1771 sagus

99 1786 280 1834 stivaque,
312 1797 411 1834 quae
439 1797 569 1822 currus
598 1798 620 1822 a
647 1792 756 1833 tergo
786 1790 964 1832 torqueat
992 1783 1104 1827 imos,

100 1852 138 1883 et
166 1857 354 1894 suspensa
381 1845 477 1883 focis
506 1845 679 1894 explorat
706 1845 846 1882 robora
876 1843 1013 1880 fumus.

155 1905 319 1942 Possum
348 1904 468 1941 multa
496 1905 563 1941 tibi
590 1912 760 1941 veterum
789 1910 995 1952 praecepta
1023 1901 1171 1947 referre,

101 1964 141 2002 ni
169 1963 312 2013 refugis
340 1971 550 2013 tenuesque
579 1964 684 2012 piget
712 1975 948 2011 cognoscere
978 1973 1098 1999 curas.

101 2024 204 2061 Area
233 2035 322 2061 cum
350 2023 481 2072 primis
510 2022 657 2071 ingenti
686 2022 886 2070 aequanda
915 2021 1086 2070 cylindro

103 2091 140 2122 et
167 2083 347 2121 vertenda
375 2095 494 2121 manu
523 2089 560 2120 et
589 2089 690 2120 creta
718 2081 919 2119 solidanda
948 2081 1085 2124 tenaci,

103 2156 152 2181 ne
182 2143 345 2181 subeant
371 2142 512 2179 herbae
541 2154 618 2178 neu
647 2141 799 2190 pulvere
828 2141 925 2177 victa
955 2140 1114 2184 fatiscat,

103 2210 184 2240 tum
214 2203 339 2239 variae
367 2201 526 2238 illudant
554 2207 704 2249 pestes:
746 2212 861 2248 saepe
891 2200 1052 2248 exiguus
1082 2211 1168 2237 mus

105 2262 176 2299 sub
204 2261 312 2299 terris
340 2260 545 2310 posuitque
575 2260 714 2297 domos
743 2266 857 2307 atque
885 2258 1021 2295 horrea
1051 2257 1149 2304 fecit,

105 2327 170 2357 aut
198 2320 319 2358 oculis
349 2320 448 2368 capti
478 2318 610 2356 fodere
640 2317 778 2355 cubilia
806 2317 941 2365 talpae,

105 2381 358 2427 inventusque
388 2378 488 2415 cavis
517 2377 610 2414 bufo
640 2383 676 2413 et
705 2387 803 2425 quae
833 2376 997 2424 plurima
1025 2382 1145 2413 terrae

106 2443 278 2475 monstra
306 2436 439 2482 ferunt,
472 2436 707 2485 populatque
736 2434 931 2484 ingentem
962 2433 1068 2472 farris
1097 2446 1274 2471 acervum

1434 81 1486 122 29

1427 958 1485 989 160

1427 1254 1484 1293 165

1433 2146 1493 2177 180

1434 2437 1491 2477 185
