1669 2737
555 68 723 103 LIBER
752 68 830 104 [Π.
863 60 1003 115 380-4
1005 72 1030 116 5
1037 73 1072 113 7.

120 179 236 227 pestis
265 178 402 215 acerba
430 177 560 221 bourn,
591 177 798 226 pecorique
827 188 1028 224 aspergere
1058 175 1167 217 virus,

120 238 211 275 fovit
240 238 410 275 humum.
468 237 574 286 Cape
604 249 694 274 saxa
723 249 850 279 manu,
882 248 977 284 cape
1007 237 1158 279 robora,
1189 242 1329 283 pastor,

120 296 391 345 tollentemque
420 298 543 333 minas
571 302 608 333 et
637 296 743 332 sibila
774 295 870 333 colla
901 302 1111 331 tumentem

120 355 248 393 deiice.
308 356 467 404 Iamque
497 355 587 403 fuga
616 355 791 392 timidum
821 360 935 402 caput
964 353 1109 390 abdidit
1138 352 1223 397 alte,

121 427 211 452 cum
239 415 354 452 medii
384 428 505 452 nexus
535 422 804 463 extremaeque
833 413 987 462 agmina
1018 412 1162 449 caudae

122 474 328 519 solvuntur,
358 474 566 522 tardosque
595 474 708 510 trahit
738 474 843 512 sinus
872 472 1026 509 ultimus
1056 471 1178 508 orbes.

120 532 191 569 Est
218 533 333 569 etiarn
362 532 424 570 ille
453 533 575 569 malus
606 531 780 569 Calabris
810 533 848 568 in
879 531 1033 568 saltibus
1063 531 1210 578 anguis,

122 603 305 640 squamea
335 591 566 628 convolvens
596 591 744 628 sublato
774 597 928 639 pectore
959 596 1064 637 terga

121 658 235 698 atque
264 650 365 687 notis
394 650 551 698 longam
581 650 799 686 maculosus
829 648 1038 697 grandibus
1069 647 1209 690 alvum,

122 710 199 758 qui,
229 709 321 746 dum
350 721 484 746 amnes
512 709 576 746 ulli
606 718 834 758 rumpuntur
863 709 1032 745 fontibus
1062 715 1099 743 et
1129 707 1220 743 dum

121 781 206 806 vere
235 769 392 806 madent
419 769 496 805 udo
527 776 647 805 terrae
676 780 721 805 ac
750 768 975 817 pluvialibus
1005 767 1152 809 austris,

123 835 260 876 stagna
288 829 387 874 colit,
417 829 584 878 ripisque
614 828 788 865 habitans
819 826 878 864 hic
909 827 1076 875 piscibus
1106 834 1227 862 atram

123 887 322 936 improbus
350 887 555 936 ingluviem
585 887 762 936 ranisque
791 887 1015 935 loquacibus
1044 885 1194 933 explet;

124 953 329 995 postquam
358 954 492 983 exusta
521 946 640 995 palus,
673 954 868 994 terraeque
900 945 1033 982 ardore
1063 944 1275 988 dehiscunt,

124 1006 248 1043 exsilit
276 1007 314 1043 in
344 1007 499 1052 siccum,
529 1014 566 1043 et
595 1006 831 1043 flammantia
861 1006 1005 1042 lumina
1034 1012 1216 1053 torquens

125 1066 242 1102 saevit
270 1066 370 1114 agris
400 1078 586 1114 asperque
615 1066 674 1102 siti
704 1074 817 1114 atque
847 1065 1046 1102 exterritus
1076 1072 1193 1100 aestu.

126 1123 188 1162 Ne
216 1125 309 1161 mihi
339 1134 418 1162 tum
447 1125 581 1162 molles
611 1126 682 1161 sub
712 1125 798 1161 divo
829 1136 984 1173 carpere
1014 1135 1172 1160 somnos

127 1196 202 1220 neu
231 1185 347 1221 dorso
377 1185 544 1222 nemoris
573 1185 685 1221 libeat
714 1183 873 1220 iacuisse
902 1195 969 1232 per
998 1182 1150 1227 herbas,

127 1256 216 1281 curn
245 1244 377 1293 positis
408 1256 530 1281 novus
559 1244 702 1281 exuviis
733 1243 950 1291 nitidusque
981 1243 1133 1279 iuventa

128 1303 286 1340 volvitur
314 1310 378 1340 aut
408 1303 554 1340 catulos
585 1303 691 1339 tectis
722 1310 786 1338 aut
816 1314 888 1338 ova
916 1301 1135 1350 relinquens

128 1363 268 1399 arduus
297 1363 345 1399 ad
375 1363 508 1406 solem,
538 1370 575 1399 et
603 1361 742 1410 linguis
771 1361 883 1397 micat
914 1372 978 1397 ore
1008 1360 1182 1397 trisulcis.

182 1421 410 1459 Morborum
440 1433 592 1471 quoque
624 1429 657 1457 te
687 1432 820 1457 causas
850 1427 886 1456 et
916 1420 1025 1467 signa
1054 1419 1215 1455 docebo.

129 1481 271 1529 Turpis
301 1492 391 1517 oves
419 1487 579 1528 temptat
608 1479 766 1523 scabies,
797 1479 861 1515 ubi
892 1478 1049 1527 frigidus
1079 1477 1200 1514 imber

129 1539 238 1576 altius
267 1539 315 1576 ad
345 1539 468 1575 vivum
499 1538 666 1587 persedit
695 1546 731 1574 et
760 1537 913 1574 horrida
943 1549 1041 1574 cano

129 1598 264 1634 bruma
292 1597 392 1646 gelu,
422 1597 479 1634 vel
509 1609 597 1635 cum
625 1597 746 1634 tonsis
775 1596 899 1633 illotus
929 1596 1102 1633 adhaesit

130 1657 259 1702 sudor,
288 1665 324 1694 et
352 1657 483 1694 hirsuti
513 1662 714 1694 secuerunt
743 1668 905 1704 corpora
933 1668 1078 1704 vepres.

100 1716 317 1769 ‘JDulcibus
346 1716 488 1754 idcirco
518 1716 638 1752 fluviis
668 1727 787 1764 pecus
817 1727 933 1752 omne
963 1715 1134 1763 magistri

131 1775 375 1823 perfundunt,
405 1775 566 1823 udisque
596 1774 692 1811 aries
721 1774 760 1810 in
790 1774 937 1822 gurgite
967 1774 1058 1810 villis

131 1842 326 1880 mersatur,
357 1834 572 1882 missusque
603 1833 772 1870 secundo
803 1833 932 1870 defluit
962 1834 1088 1878 amni;

133 1900 198 1931 aut
226 1901 381 1931 tonsum
410 1893 502 1930 tristi
532 1893 761 1940 contingunt
790 1904 929 1941 corpus
959 1904 1126 1935 amurca,

132 1959 170 1990 et
198 1964 354 2001 spumas
383 1953 545 1989 miscent
573 1951 718 2000 argenti
747 1951 908 2000 vivaque
937 1950 1117 2000 sulphura

133 2011 345 2060 Idaeasque
374 2011 479 2060 pices
508 2018 545 2047 et
574 2011 737 2059 pingues
768 2011 937 2058 unguine
966 2022 1072 2047 ceras

133 2071 355 2120 scillamque
383 2070 647 2118 elleborosque
677 2081 811 2118 graves
841 2069 1070 2117 nigrumque
1099 2068 1283 2105 bitumen.

134 2130 226 2168 Non
254 2138 383 2168 tamen
410 2130 486 2167 ulla
513 2129 637 2178 magis
665 2140 846 2177 praesens
876 2128 1026 2165 fortuna
1053 2127 1226 2164 laborum
1254 2133 1322 2174 est,

136 2202 253 2240 quam
282 2191 314 2227 si
342 2190 427 2240 quis
457 2189 555 2226 ferro
583 2189 704 2237 potuit
733 2188 947 2225 rescindere
977 2199 1170 2224 summum

134 2249 269 2286 ulceris
297 2261 366 2286 os:
404 2248 512 2286 alitur
539 2248 668 2285 vitium
696 2247 857 2296 vivitque
885 2246 1062 2295 tegendo,

135 2308 227 2345 dum
258 2307 426 2345 medicas
455 2307 633 2344 adhibere
662 2318 800 2342 manus
829 2304 878 2342 ad
906 2305 1062 2342 vulnera
1089 2312 1219 2354 pastor

135 2367 310 2415 abnegat,
342 2373 406 2403 aut
434 2365 591 2403 meliora
620 2365 714 2402 deos
745 2364 850 2402 sedet
878 2364 1008 2401 omnia
1038 2376 1214 2413 poscens.

137 2425 242 2471 Quin
272 2425 396 2471 etiam,
428 2425 505 2463 ima
534 2424 644 2463 dolor
672 2423 865 2460 balantum
894 2422 1023 2472 lapsus
1052 2421 1101 2461 ad
1129 2435 1216 2460 ossa

192 2508 276 2534 vor„
294 2507 320 2533 1.
816 2504 840 2532 E·

1443 251 1506 281 420

1447 841 1510 869 ⁴30

1448 1137 1509 1169 435

1450 1433 1515 1465 440

1454 1729 1515 1760 445
