1669 2737
135 81 213 133 148
715 88 942 125 AENEIS.

133 197 339 248 Cretesque
368 198 624 247 Dryopesque
652 197 820 235 fremunt
849 198 1017 247 pictique
1049 196 1252 247 Agathyrsi
1267 210 1280 246 3

132 259 214 307 ipse
243 258 339 306 iugis
370 257 508 306 Cynthi
538 257 716 306 graditur,
747 257 930 307 mollique
959 258 1143 294 fluentem

132 317 267 354 fronde
295 318 433 366 premit
462 317 607 354 crinem
637 317 788 365 fingens
817 324 933 366 atque
963 317 1133 366 implicat
1162 328 1267 359 auro,

131 376 206 413 tela
234 383 372 413 sonant
400 376 562 413 umeris:
602 376 704 413 haud
733 376 796 413 illo
826 377 980 425 segnior
1009 377 1087 413 ibat

132 437 296 481 Aeneas,
325 442 472 472 tantum
502 436 658 484 egregio
688 435 805 472 decus
835 436 952 472 enitet
981 448 1058 473 ore.

131 495 342 544 Postquam
371 495 467 532 altos
497 504 651 531 ventum
681 495 720 530 in
750 502 900 532 montes
930 502 1045 544 atque
1075 495 1174 532 invia
1203 494 1329 538 lustra,

133 567 222 592 ecce
252 555 352 591 serae
382 554 463 591 saxi
493 553 662 591 deiectae
692 554 830 591 vertice
859 566 998 602 caprae

133 615 330 652 decurrere
359 614 480 662 iugis;
521 613 593 650 alia
622 613 669 650 de
698 620 803 662 parte
833 620 1009 662 patentes

132 674 389 711 transmittunt
417 685 529 710 cursu
559 684 718 721 campos
747 679 861 722 atque
891 673 1046 721 agmina
1076 672 1175 709 cervi

132 733 391 782 pulverulenta
421 732 511 781 fuga
538 733 753 782 glomerant
782 740 1010 781 montesque
1041 732 1268 781 relinquunt.

133 794 185 830 At
212 805 307 842 puer
335 792 526 829 Ascanius
556 792 690 829 mediis
719 793 758 828 in
787 792 944 828 vallibus
973 791 1048 829 acri

133 852 275 901 gaudet
303 863 416 900 equo,
446 852 599 900 iamque
628 851 700 888 hos
730 863 853 896 cursu,
885 851 960 886 iam
990 851 1166 899 praeterit
1196 850 1293 894 illos,

135 918 455 960 spumantemque
486 911 565 948 dari
595 922 736 959 pecora
765 911 861 947 inter
890 910 1022 946 inertia
1051 911 1148 946 votis

134 979 240 1021 optat
269 984 402 1020 aprum
433 977 497 1008 aut
527 971 671 1007 fulvum
702 970 935 1008 descendere
965 976 1098 1007 monte
1130 971 1293 1007 leonem.

187 1032 339 1069 Interea
368 1043 511 1079 magno
542 1030 693 1067 misceri
723 1041 917 1066 murmure
946 1029 1094 1066 caelum

134 1092 277 1140 incipit,
307 1091 518 1139 insequitur
548 1090 756 1127 commixta
784 1088 968 1137 grandine
997 1088 1174 1125 nimbus:

135 1158 171 1188 et
201 1150 304 1199 Tyrii
334 1150 492 1187 comites
522 1149 666 1198 passim
696 1156 733 1185 et
763 1147 934 1184 Troiana
963 1148 1136 1184 iuventus

133 1211 427 1260 Dardaniusque
458 1221 581 1258 nepos
612 1208 773 1245 Veneris
803 1208 951 1245 diversa
979 1220 1046 1256 per
1076 1219 1190 1255 agros

134 1280 234 1310 tecta
261 1278 366 1308 metu
396 1271 559 1319 petiere;
600 1275 714 1306 ruunt
744 1268 790 1305 de
820 1268 1016 1304 montibus
1045 1279 1191 1304 amnes.

136 1331 368 1381 Speluncam
398 1329 503 1366 Dido
533 1328 611 1366 dux
642 1335 679 1365 et
707 1327 900 1364 Troianus
930 1326 1095 1363 eandem

135 1391 348 1429 deveniunt.
406 1389 534 1426 Prima
563 1395 600 1425 et
629 1387 761 1424 Tellus
791 1393 828 1424 et
856 1387 1034 1435 pronuba
1065 1385 1165 1423 Iuno

135 1452 226 1489 dant
255 1452 434 1499 signum:
474 1448 611 1485 fulsere
641 1447 749 1495 ignes
780 1452 816 1483 et
845 1446 1025 1483 conscius
1054 1445 1184 1482 aether

135 1510 322 1553 conubiis,
354 1519 583 1556 summoque
612 1506 804 1543 ulularunt
833 1506 970 1543 vertice
1001 1504 1217 1554 Nymphae.

134 1571 202 1608 Ille
232 1570 312 1607 dies
342 1568 486 1617 primus
515 1566 577 1603 leti
607 1566 828 1614 primusque
857 1565 1045 1602 malorum

135 1642 252 1668 causa
282 1627 359 1665 fuit.
418 1625 556 1675 Neque
586 1625 689 1662 enim
720 1625 845 1673 specie
875 1624 1021 1661 famave
1052 1630 1226 1662 movetur

135 1701 208 1727 nec
237 1690 314 1725 iam
343 1687 521 1724 furtivum
549 1684 653 1721 Dido
683 1684 888 1721 meditatur
917 1695 1112 1720 amorem:

134 1748 358 1796 coniugium
387 1752 507 1789 vocat,
538 1743 614 1781 hoc
643 1743 828 1792 praetexit
857 1743 1015 1779 nomine
1038 1742 1202 1791 culpam.

190 1806 398 1855 Extemplo
430 1803 575 1852 Libyae
603 1814 765 1851 magnas
794 1803 822 1839 it
851 1802 971 1838 Fama
999 1813 1066 1850 per
1095 1802 1218 1846 urbes,

137 1867 266 1911 Fama,
297 1864 439 1902 malum
468 1875 545 1911 qua
573 1874 654 1899 non
684 1861 787 1898 aliud
815 1861 982 1898 velocius
1013 1860 1155 1897 ullum:

137 1925 347 1963 mobilitate
376 1923 488 1971 viget,
519 1922 691 1970 viresque
721 1920 878 1969 acquirit
908 1919 1047 1965 eundo,

138 1996 255 2034 parva
283 1989 388 2020 metu
417 1982 552 2030 primo,
582 1992 675 2017 mox
704 1992 787 2017 sese
817 1978 950 2016 attollit
977 1979 1016 2015 in
1046 1990 1156 2016 auras

139 2043 426 2092 ingrediturque
456 2041 539 2078 solo
569 2048 606 2077 et
635 2046 751 2089 caput
781 2039 877 2076 inter
905 2038 1033 2076 nubila
1063 2031 1218 2075 condit.'

140 2105 251 2142 Illam
280 2104 400 2141 Terra
429 2114 578 2151 parens,
608 2102 661 2137 ira
689 2100 830 2137 irritata
860 2099 1032 2144 deorum,

139 2172 362 2209 extremam,
393 2169 433 2200 ut
462 2161 674 2211 perhibent,
706 2159 815 2197 Coeo
844 2158 1118 2209 Enceladoque
1148 2170 1319 2196 sororem

139 2224 345 2275 progenuit
373 2223 536 2272 pedibus
567 2221 728 2258 celerem
758 2227 795 2257 et
824 2219 1043 2269 pernicibus
1073 2220 1152 2265 alis,

1462 448 1523 479 ¹50

1465 1032 1524 1064 160

1465 1330 1522 1371 165

1469 2224 1528 2254 180

139 2290 356 2321 monstrum
385 2281 619 2319 horrendum
648 2281 798 2328 ingens,
829 2279 890 2317 cui
918 2285 1013 2328 quot
1042 2286 1130 2315 sunt
1159 2290 1320 2328 corpore
1349 2276 1502 2326 plumae

140 2350 197 2381 tot
225 2343 356 2392 vigiles
387 2341 486 2378 oculi
515 2341 643 2377 subter
673 2338 859 2391 (mirabile
888 2336 1006 2388 dictu)

141 2409 198 2440 tot
225 2402 389 2451 linguae,
419 2400 579 2437 totidem
608 2411 677 2437 ora
706 2404 856 2443 sonant,
886 2403 942 2434 tot
971 2396 1120 2445 surrigit
1150 2408 1270 2434 aures.

143 2460 270 2499 Nocte
298 2460 399 2498 volat
427 2459 521 2497 caeli
550 2458 680 2496 medio
709 2464 909 2507 terraeque
935 2468 1004 2505 per
1031 2456 1206 2493 umbram
