1669 2737
543 65 708 100 LIBER
737 65 809 100 IX.
840 59 1049 114 418-495.

115 172 343 221 Agnoscunt
371 172 492 222 spolia
520 174 616 211 inter
643 186 684 212 se
712 173 937 222 galeamque
964 174 1149 211 nitentem

115 231 284 281 Messapi
313 239 350 269 et
378 233 498 270 multo
528 233 701 282 phaleras
731 233 868 271 sudore
897 241 1080 282 receptas.

167 290 216 328 Et
244 291 320 327 iam
348 291 469 340 prima
498 304 599 329 novo
629 292 833 340 spargebat
860 292 1003 329 lumine
1032 299 1149 330 terras

114 348 272 386 Tithoni
300 362 478 387 croceum
506 351 680 400 linquens
708 351 856 388 Aurora
884 351 1028 388 cubile:

114 408 189 445 iam
217 408 296 446 sole
324 408 462 454 infuso,
491 409 566 446 iam
594 410 705 447 rebus
734 410 818 447 luce
847 410 995 448 retectis

113 466 268 504 Turnus
297 467 337 504 in
366 479 471 505 arma
499 469 610 513 viros,
639 468 753 506 armis
782 468 1036 506 circumdatus
1064 468 1158 517 ipse,

112 527 279 572 suscitat,
309 534 531 575 aeratasque
559 527 659 564 acies
687 527 726 564 in
755 527 896 576 proelia
925 528 1028 576 cogit

112 586 274 635 quisque
302 597 390 623 suas
418 586 604 635 variisque
633 593 774 623 acuunt
803 586 1017 623 rumoribus
1047 587 1132 623 iras.

112 643 217 690 Quin
247 645 329 693 ipsa
358 645 521 689 arrectis,
551 645 631 681 visu
661 645 885 690 miserabile,
915 645 954 681 in
982 645 1099 682 hastis

111 703 323 752 praefigunt
351 704 473 753 capita
500 710 537 741 et
565 703 684 741 multo
714 703 880 742 clamore
909 710 1117 754 sequuntur

109 761 262 811 Euryali
291 769 328 800 et
356 762 451 800 Nisi.

110 821 315 859 Aeneadae
345 822 426 859 duri
455 835 649 861 murorum
677 824 718 861 in
747 831 854 873 parte
884 824 1032 862 sinistra

109 892 325 929 opposuere
353 881 486 926 aciem,
515 894 604 919 nam
634 882 790 920 dextera
819 884 980 932 cingitur
1009 881 1122 926 amni,

109 941 359 989 ingentesque
386 946 516 977 tenent
545 940 668 978 fossas
697 950 733 979 et
761 942 922 979 turribus
952 941 1034 978 altis

109 1006 210 1036 stant
237 999 394 1044 maesti;
435 999 545 1036 simul
574 1011 641 1037 ora
668 1001 789 1037 virum
818 1000 984 1049 praefixa
1012 1000 1228 1045 movebant,

108 1064 201 1095 nota
228 1058 340 1095 nimis
369 1058 516 1095 miseris
544 1065 704 1108 atroque
732 1059 885 1096 fluentia
912 1060 1013 1097 tabo.

162 1118 314 1155 Interea
342 1117 519 1166 pavidam
548 1118 708 1156 volitans
737 1126 905 1167 pennata
935 1130 1002 1168 per
1030 1118 1164 1155 urbem

107 1177 240 1213 nuntia
268 1175 389 1213 Fama
416 1177 487 1213 ruit
515 1177 720 1226 matrisque
749 1177 921 1216 allabitur
950 1189 1060 1214 aures

107 1235 268 1285 Euryali.
326 1235 378 1272 At
406 1236 550 1273 subitus
579 1237 740 1274 miserae
769 1236 872 1274 calor
901 1248 989 1274 ossa
1016 1236 1174 1285 reliquit,

107 1295 257 1332 excussi
285 1294 461 1332 manibus
489 1294 582 1332 radii
611 1295 855 1345 revolutaque
883 1307 1013 1345 pensa.

106 1354 244 1392 Evolat
271 1354 400 1392 infelix
429 1361 466 1392 et
495 1353 660 1393 femineo
688 1355 840 1402 ululatu,

107 1414 225 1452 scissa
252 1425 417 1459 comam,
447 1425 577 1452 muros
606 1426 739 1452 amens
768 1421 881 1464 atque
910 1414 1066 1464 agmina
1094 1426 1207 1453 cursu

106 1473 228 1523 prima
256 1473 360 1521 petit,
389 1484 469 1510 non
497 1473 558 1510 illa
585 1474 705 1511 virum
734 1486 813 1511 non
842 1473 902 1511 illa
930 1474 1059 1523 pericli

106 1532 345 1582 telorumque
373 1544 545 1579 memor;
584 1533 731 1571 caelum
761 1533 899 1571 dehinc
928 1533 1123 1582 questibus
1151 1533 1305 1582 implet:

108 1590 248 1629 ‘Hunc
276 1603 350 1641 ego
379 1598 427 1636 te,
455 1591 629 1642 Euryale,
660 1593 830 1642 aspicio?
869 1599 960 1630 tune
990 1592 1050 1630 ille
1079 1600 1257 1630 senectae

107 1663 191 1689 sera
219 1662 328 1688 meae
357 1651 520 1700 requies,
549 1652 703 1700 potuisti
733 1652 901 1701 linquere
930 1651 1064 1696 solam,

106 1709 296 1748 crudelis?
333 1721 405 1747 nec
434 1716 482 1755 te,
513 1711 585 1747 sub
613 1717 717 1748 tanta
745 1710 913 1759 pericula
941 1711 1113 1755 missum,

107 1770 213 1808 affari
241 1775 454 1806 extremum
482 1770 642 1808 miserae
673 1770 761 1808 data
789 1771 902 1820 copia
930 1770 1066 1808 matri?

107 1829 211 1875 Heu,
239 1835 338 1866 terra
366 1829 498 1877 ignota
526 1829 684 1866 canibus
714 1828 801 1867 data
828 1829 970 1878 praeda
998 1828 1143 1866 Latinis

106 1887 334 1937 alitibusque
362 1887 475 1933 iaces,
505 1899 578 1925 nec
605 1894 642 1925 te
672 1894 736 1925 tua
764 1887 899 1925 funera
927 1894 1048 1925 mater

106 1946 271 1997 produxi
298 1947 466 1995 pressive
494 1946 627 1984 oculos
656 1953 721 1984 aut
748 1947 902 1984 vulnera
930 1947 1011 1992 lavi,

107 2012 211 2044 veste
238 2012 384 2055 tegens,
414 2006 480 2043 tibi
509 2018 624 2055 quam
653 2013 786 2044 noctes
815 2005 953 2043 festina
981 2006 1138 2057 diesque

107 2066 290 2114 urgebam
319 2071 357 2102 et
384 2064 460 2102 tela
487 2077 596 2102 curas
626 2064 775 2103 solabar
803 2065 932 2103 aniles.

108 2124 200 2171 Quo
230 2125 389 2174 sequar?
429 2130 493 2161 aut
521 2136 620 2173 quae
648 2136 752 2162 nunc
780 2130 881 2162 artus
910 2124 1113 2174 avulsaque
1142 2128 1314 2164 membra

107 2190 145 2221 et
174 2182 287 2221 funus
315 2183 482 2221 lacerum
511 2183 620 2221 tellus
649 2183 790 2220 habet?
828 2183 902 2221 hoc
931 2184 1023 2221 mihi
1052 2184 1100 2222 de
1127 2191 1177 2230 te,

107 2250 207 2289 nate,
236 2241 378 2281 refers?
416 2242 489 2281 hoc
518 2254 603 2280 sum
631 2246 807 2292 terraque
835 2243 1005 2292 marique
1035 2246 1189 2282 secuta?

108 2302 231 2351 Figite
260 2313 334 2348 me,
364 2302 396 2339 si
424 2313 499 2351 qua
526 2308 583 2339 est
611 2301 744 2351 pietas,
773 2302 812 2339 in
842 2313 904 2339 me
933 2303 1064 2341 omnia
1091 2304 1165 2341 tela

108 2361 293 2406 coniicite,
324 2372 348 2398 0
378 2360 517 2407 Rutuli,
547 2372 609 2398 me
637 2361 800 2410 primam
829 2361 1014 2399 absumite
1044 2362 1166 2402 ferro:

108 2426 173 2458 aut
201 2426 251 2464 tu,
284 2431 423 2469 magne
452 2419 564 2457 Pater
593 2419 732 2466 divum,
762 2420 939 2459 miserere
968 2428 1112 2472 tuoque

1416 59 1495 112 263

1430 357 1495 396 450

1425 953 1490 987 470

1422 1251 1483 1284 475

1423 1541 1487 1579 480

1425 1838 1485 1878 435

1423 2143 1488 2174 490

1420 2439 1481 2470 495
