1669 2737
562 79 731 114 LIBER
766 79 805 115 V.
836 81 889 126 57
893 73 979 126 5-6
981 81 1048 125 52·

116 187 298 225 amissum
326 185 521 225 Anchisen
549 187 702 234 flebant,
732 194 968 236 cunctaeque
997 186 1232 235 profundum

115 252 278 294 pontum
306 246 555 295 aspectabant
582 246 728 284 flentes.
786 246 900 283 ‘Heu
928 253 983 283 tot
1011 246 1106 282 vada
1134 245 1243 283 fessis

116 312 153 341 et
179 311 327 342 tantum
356 317 554 354 superesse
582 304 718 350 maris,’
747 317 822 342 vox
851 306 1031 343 omnibus
1059 317 1146 341 una.

116 363 261 401 Urbem
289 370 409 408 orant,
438 363 564 401 taedet
591 364 717 413 pelagi
746 364 910 413 perferre
939 364 1122 401 laborem.

115 422 221 471 Ergo
249 423 346 460 inter
373 423 518 460 medias
547 434 630 460 sese
659 423 761 460 haud
789 423 922 471 ignara
951 422 1117 459 nocendi

117 482 281 526 coniicit,
310 488 348 519 et
375 481 589 530 faciemque
619 481 713 519 deae
743 489 962 531 vestemque
991 482 1166 530 reponit;

116 541 156 577 fit
184 540 318 587 Beroe,
349 540 496 578 Tmarii
525 540 694 577 coniunx
724 541 910 590 longaeva
938 541 1107 590 Dorycli,

116 600 177 637 cui
206 611 329 648 genus
358 606 394 637 et
423 599 619 648 quondam
648 612 793 637 nomen
822 601 978 649 natique
1008 600 1168 637 fuissent
1178 613 1188 646 ;

117 671 161 696 ac
190 659 244 696 sic
271 658 535 696 Dardanidum
563 659 733 696 mediam
761 671 801 696 se
830 661 1013 697 matribus
1043 659 1163 696 infert.

119 717 176 756 ‘O
204 718 376 764 miserae,
406 730 501 767 quas
530 730 611 755 non
639 718 799 756 manus’
829 719 950 768 inquit
980 719 1171 755 ‘Achaica
1199 717 1299 755 bello

116 777 269 815 traxerit
297 777 346 814 ad
373 777 490 814 letum
518 778 662 826 patriae
693 778 763 816 sub
791 779 1016 815 moenibus!
1055 790 1079 816 o
1108 789 1204 826 gens

117 836 257 882 infelix,
288 836 349 873 cui
378 843 416 873 te
445 836 561 873 exitio
591 836 761 874 Fortuna
788 838 978 874 reservat?

118 897 279 945 septima
307 902 394 945 post
423 894 564 932 Troiae
593 895 784 933 excidium
813 896 890 932 iam
919 897 1071 934 vertitur
1100 903 1236 940 aestas,

118 968 206 993 cum
234 955 339 1000 freta,
369 967 457 992 cum
486 961 602 992 terras
631 967 779 1001 omnes,
810 961 866 992 tot
895 955 1088 1005 inhospita
1117 968 1209 993 saxa

119 1017 318 1065 sideraque
345 1027 524 1052 emensae
554 1014 718 1060 ferimur,
749 1015 841 1052 dum
870 1028 937 1065 per
966 1029 1070 1053 mare
1099 1027 1284 1064 magnum

118 1075 266 1113 Italiam
295 1074 487 1123 sequimur
514 1073 724 1122 fugientem
753 1082 790 1112 et
818 1075 1002 1112 volvimur
1032 1076 1155 1113 undis.

119 1135 196 1172 Hic
223 1134 356 1183 Erycis
385 1134 480 1170 fines
509 1132 662 1170 fraterni
692 1140 805 1183 atque
834 1134 977 1183 hospes
1006 1135 1188 1172 Acestes:

119 1195 204 1243 quis
232 1192 408 1242 prohibet
436 1204 565 1230 muros
594 1193 715 1230 iacere
744 1201 780 1230 et
810 1193 898 1230 dare
929 1194 1071 1230 civibus
1099 1194 1259 1231 urbem?

120 1253 157 1291 O
186 1252 307 1302 patria
334 1259 371 1288 et
399 1252 496 1300 rapti
524 1252 757 1300 nequiquam
786 1264 833 1289 ex
862 1252 971 1289 hoste
1001 1252 1174 1298 Penates,

120 1312 272 1349 nullane
299 1312 376 1348 iam
406 1311 549 1349 Troiae
578 1310 751 1348 dicentur
779 1312 961 1349 moenia?
1001 1324 1188 1361 nusquam

121 1371 337 1408 Hectoreos
366 1382 498 1407 amnes
526 1369 726 1406 Xanthum
755 1376 791 1406 et
823 1370 1018 1407 Simoenta
1046 1370 1209 1408 videbo?

122 1430 227 1477 Quin
257 1430 355 1479 agite
385 1436 422 1466 et
450 1441 603 1466 mecum
632 1429 813 1466 infaustas
843 1430 986 1466 exurite
1015 1442 1174 1478 puppes.

123 1490 224 1527 Nam
253 1489 345 1526 mihi
374 1488 613 1526 Cassandrae
642 1501 710 1537 per
739 1501 915 1526 somnum
947 1489 1040 1526 vatis
1070 1490 1198 1538 imago

121 1549 296 1586 ardentes
325 1548 415 1586 dare
443 1548 522 1585 visa
552 1547 675 1585 faces:
716 1547 828 1584 “Hic
858 1548 1025 1597 quaerite
1055 1548 1228 1593 Troiam,

121 1608 184 1645 hic
213 1607 352 1645 domus
380 1607 469 1644 est''
498 1607 620 1656 inquit
649 1607 826 1644 “vobis''
874 1607 958 1644 Iam
987 1615 1139 1656 tempus
1168 1608 1230 1656 agi
1258 1619 1329 1652 res,

122 1679 194 1704 nec
222 1666 335 1704 tantis
363 1678 471 1703 mora
498 1665 693 1715 prodigiis.
751 1665 812 1702 En
841 1673 1017 1714 quattuor
1046 1678 1132 1703 arae

124 1726 330 1775 Neptuno;
370 1726 465 1763 deus
495 1725 579 1775 ipse
609 1725 712 1762 faces
741 1725 986 1774 animamque
1015 1724 1223 1762 ministrat.’

123 1785 235 1822 Haec
262 1796 481 1822 memorans
510 1784 634 1833 prima
661 1784 854 1821 infensum
882 1785 917 1820 vi
946 1784 1100 1832 corripit
1128 1785 1259 1833 ignem

124 1845 349 1894 sublataque
378 1844 512 1894 procul
541 1844 674 1881 dextra
703 1844 842 1881 conixa
871 1850 1044 1881 coruscat

124 1910 161 1941 et
189 1904 287 1941 iacit.
343 1904 525 1941 Arrectae
553 1910 701 1940 mentes
730 1902 1017 1952 stupefactaque
1047 1903 1163 1940 corda

124 1962 295 2000 Iliadum.
353 1962 431 1999 Hic
458 1974 536 1999 una
564 1974 585 1999 e
612 1961 740 1999 multis
768 1974 865 2011 quae
894 1962 1063 1999 maxima
1090 1969 1192 2007 natu,

125 2022 263 2071 Pyrgo,
291 2028 348 2060 tot
376 2022 516 2059 Priami
545 2028 723 2059 natorum
751 2022 857 2070 regia
885 2021 1039 2068 nutrix3

127 2080 245 2118 ‘Non
274 2079 398 2119 Beroe
425 2081 547 2127 vobis,
576 2093 657 2118 non
685 2081 780 2118 haec
810 2080 1010 2125 Rhoeteia,
1040 2086 1190 2126 matres,

126 2146 183 2177 est
210 2139 368 2189 Dorycli
399 2141 591 2178 coniunx:
632 2139 748 2177 divini
778 2140 888 2188 signa
916 2138 1063 2176 decoris

126 2199 378 2249 ardentesque
405 2205 537 2236 notate
565 2198 710 2244 oculos,
740 2199 807 2247 qui
836 2197 986 2246 spiritus
1015 2197 1077 2243 illi,

125 2258 210 2307 quis
238 2257 361 2295 vultus
388 2258 570 2307 vocisque
599 2269 718 2295 sonus
747 2256 805 2294 vel
833 2268 986 2305 gressus
1015 2256 1134 2294 eunti.

126 2317 218 2366 Ipsa
248 2322 403 2365 egomet
432 2316 577 2354 dudum
606 2316 758 2353 Beroen
787 2315 958 2364 digressa
985 2315 1117 2365 reliqui

126 2387 292 2424 aegram,
322 2374 599 2424 indignantem,
630 2374 694 2412 tali
724 2373 830 2423 quod
859 2373 941 2410 sola
969 2380 1111 2411 careret

126 2445 283 2471 munere
312 2444 384 2470 nec
413 2433 567 2470 meritos
597 2432 788 2471 Anchisae
818 2432 971 2470 inferret
999 2432 1188 2472 honores?

780 2514 856 2540 N2

1372 122 1375 123 a
1418 84 1498 128 179

1435 251 1496 290 615

1439 546 1501 577 620

1447 1732 1509 1771 640
