1669 2737
633 52 801 86 LIBER
830 52 886 88 Π.
918 46 1129 102 536-613.

187 158 373 197 Exarsere
400 159 509 209 ignes
537 159 689 205 animo;
731 159 830 196 subit
857 160 912 197 ira
941 160 1143 198 cadentem

186 218 317 256 ulcisci
344 219 507 268 patriam
535 225 572 255 et
602 219 803 256 sceleratas
833 231 982 256 sumere
1010 231 1171 268 poenas.

188 276 339 315 Scilicet
367 277 462 315 haec
492 277 667 327 Spartam
695 277 898 315 incolumis
925 279 1145 327 patriasque
1176 277 1362 326 Mycenas

186 337 354 385 aspiciet,
383 344 570 386 partoque
600 337 666 374 ibit
694 338 827 386 regina
855 337 1062 386 triumpho,

186 397 484 446 coniugiumque
514 397 749 445 domumque
779 403 904 445 patres
933 404 1122 446 natosque
1152 397 1304 443 videbit,

186 454 349 492 Iliadum
377 457 487 492 turba
515 463 553 493 et
582 455 758 504 Phrygiis
787 456 971 493 comitata
999 457 1206 493 ministris?

184 514 365 552 occiderit
393 514 493 552 ferro
522 515 720 552 Priamus?
778 514 899 552 Troia
928 515 1060 552 arserit
1089 516 1194 564 igni?

184 573 421 611 Dardanium
449 574 589 611 totiens
619 573 763 611 sudarit·
791 575 979 623 sanguine
1008 574 1119 611 litus?

184 631 277 669 Non
305 633 366 670 ita.
423 632 603 682 Namque
632 634 701 670 etsi
730 633 877 670 nullum
907 634 1155 670 memorabile
1184 646 1329 671 nomen

184 690 349 729 feminea
376 692 417 729 in
445 704 573 742 poena
601 698 659 730 est
687 705 759 730 nec
787 691 904 729 habet
931 693 1089 729 victoria
1117 693 1281 737 laudem,

183 751 410 789 exstinxisse
439 751 547 789 nefas
575 758 706 789 tamen
734 758 772 789 et
801 752 1009 801 sumpsisse
1038 753 1218 789 merentis

182 809 366 848 laudabor
393 823 554 860 poenas,
583 812 832 860 animumque
863 812 1037 860 explesse
1067 811 1209 848 iuvabit

181 869 324 907 ultricis
353 869 532 908 flammae
561 877 598 908 et
627 871 771 908 cineres
801 871 958 908 satiasse
988 883 1176 908 meorum.

182 927 294 966 Talia
321 929 509 967 iactabam
538 937 576 967 et
604 929 738 967 furiata
767 936 895 967 mente
924 929 1084 974 ferebar,

182 999 270 1024 cum
298 987 391 1026 mihi
420 1001 470 1033 se,
500 1001 581 1026 non
609 995 697 1026 ante
726 989 847 1026 oculis
876 996 954 1026 tam
984 989 1095 1034 clara,
1125 988 1329 1026 videndam

181 1047 317 1084 obtulit
345 1053 383 1085 et
410 1060 507 1096 pura
534 1060 602 1097 per
629 1054 785 1085 noctem
813 1048 852 1084 in
881 1048 964 1085 luce
993 1048 1137 1085 refulsit

181 1106 283 1144 alma
310 1120 462 1157 parens,
491 1107 667 1146 confessa
696 1108 808 1145 deam
837 1108 1034 1157 qualisque
1063 1108 1180 1144 videri

181 1166 372 1204 caelicolis
399 1173 436 1204 et
465 1174 608 1216 quanta
637 1167 743 1212 solet,
774 1167 982 1216 dextraque
1011 1166 1243 1216 prehensum

181 1225 378 1272 continuit,
407 1238 599 1276 roseoque
629 1225 723 1263 haec
752 1226 907 1275 insuper
936 1226 1082 1263 addidit
1111 1238 1201 1262 ore:

181 1286 203 1304 “
218 1284 330 1331 Nate,
360 1286 447 1335 quis
475 1286 683 1323 indomitas
713 1291 838 1322 tantus
868 1285 977 1322 dolor
1006 1285 1146 1322 excitat
1175 1285 1275 1322 iras?

181 1344 272 1392 quid
302 1344 393 1382 furis
422 1351 487 1382 aut
515 1357 686 1394 quonam
716 1345 835 1381 nostri
864 1344 930 1381 tibi
960 1356 1051 1381 cura
1079 1344 1262 1380 recessit?

181 1402 273 1440 Non
301 1404 405 1453 prius
434 1404 608 1453 aspicies,
636 1405 701 1441 ubi
731 1403 874 1440 fessum
903 1408 1024 1440 aetate
1054 1409 1253 1452 parentem

179 1462 333 1512 liqueris
362 1463 571 1509 Anchisen,
601 1469 752 1513 superet
781 1463 1001 1500 coniunxne
1031 1461 1176 1499 Creusa

180 1522 449 1572 Ascaniusque
479 1523 599 1572 puer?
638 1534 737 1572 quos
766 1533 904 1559 omnes
934 1521 1104 1569 undique
1135 1519 1274 1557 Graiae

179 1581 324 1619 circum
352 1589 476 1620 errant
505 1583 607 1620 acies
636 1590 684 1627 et,
715 1582 754 1618 ni
784 1593 872 1618 mea
901 1592 993 1618 cura
1022 1581 1181 1624 resistat,

179 1642 256 1678 iam
283 1641 462 1679 flammae
491 1642 642 1679 tulerint
670 1641 850 1678 inimicus
879 1647 916 1677 et
945 1640 1113 1677 hauserit
1141 1640 1254 1677 ensis.

179 1700 271 1738 Non
301 1701 369 1739 tibi
398 1701 631 1750 Tyndaridis
661 1700 777 1737 facies
806 1700 926 1736 invisa
955 1699 1157 1736 Lacaenae

179 1761 400 1810 culpatusve
429 1760 548 1807 Paris,
579 1760 708 1798 divum
737 1759 993 1805 inclementia,
1023 1759 1166 1803 divum,

178 1820 248 1858 has
275 1821 406 1858 evertit
434 1832 529 1870 opes
558 1820 767 1868 sternitque
797 1831 820 1856 a
848 1819 1013 1857 culmine
1044 1818 1215 1856 Troiam.

178 1879 319 1929 Aspice
347 1879 532 1931 (namque
562 1890 731 1923 omnem,
761 1890 860 1927 quae
889 1890 991 1915 nunc
1021 1877 1188 1915 obducta
1217 1878 1335 1915 tuenti

177 1937 357 1976 mortales
385 1937 539 1975 hebetat
566 1938 667 1974 visus
695 1937 764 1974 tibi
792 1943 830 1974 et
858 1937 990 1973 umida
1019 1936 1162 1973 circum

177 1999 326 2048 caligat,
355 1999 500 2036 nubem
529 1998 712 2046 eripiam;
752 2004 793 2034 tu
822 2010 869 2034 ne
900 2009 975 2045 qua
1004 1997 1171 2045 parentis

176 2060 280 2097 iussa
306 2059 397 2097 time
426 2071 502 2096 neu
530 2058 744 2107 praeceptis
773 2069 907 2106 parere
935 2056 1107 2106 recusa):

177 2120 268 2167 Hie,
295 2121 361 2159 ubi
390 2121 566 2159 disiectas
595 2119 716 2157 moles
746 2119 952 2167 avulsaque
981 2118 1082 2155 saxis

176 2195 269 2221 saxa
295 2183 400 2221 vides
430 2183 628 2232 mixtoque
656 2181 869 2218 undantem
898 2179 1052 2229 pulvere
1082 2179 1241 2226 fumum,

176 2245 382 2294 Neptunus
409 2256 541 2281 muros
568 2254 790 2291 magnoque
819 2248 947 2278 emota
976 2241 1127 2278 tridenti

175 2302 424 2340 fundamenta
452 2302 572 2351 quatit
599 2308 798 2350 totamque
827 2312 850 2337 a
879 2299 1032 2336 sedibus
1061 2300 1197 2336 urbem

174 2364 280 2401 eruit.
339 2362 415 2401 Hic
445 2363 544 2400 Iuno
575 2362 714 2399 Scaeas
745 2360 964 2398 saevissima
993 2365 1122 2408 portas

174 2422 297 2470 prima
325 2428 438 2463 tenet.
467 2421 692 2470 sociumque
721 2419 849 2457 furens
878 2431 901 2456 a
929 2419 1089 2456 navibus
1118 2430 1258 2468 agmen

1501 62 1577 101 119

1511 1061 1571 1092 590

1511 1645 1574 1676 600

1509 1942 1567 1980 605

1504 2245 1565 2277 610
