1669 2737
548 78 717 112 LIBER
745 79 814 115 JV.
845 75 1057 137 419ss496.
1446 74 1494 115 81

109 188 318 225 immanem
346 193 434 225 ante
464 187 583 238 pedes
613 188 775 236 hydrum
805 188 988 226 moritura
1018 187 1142 237 puella

109 256 324 287 servantem
352 249 454 298 ripas
483 249 558 286 alta
587 261 665 286 non
694 251 785 287 vidit
815 250 853 286 in
881 250 1010 287 herba.

64 308 160 356 54At
189 308 328 345 chorus
356 308 524 357 aequalis
553 308 752 357 Dryadum
782 309 949 346 clamore
980 320 1181 357 supremos
1438 314 1502 355 460

109 367 312 416 implerunt
340 374 492 404 montes
507 381 518 413 3
558 367 694 404 flerunt
725 367 978 417 Rhodopeiae
1008 380 1115 405 arces

109 426 258 475 altaque
288 425 469 475 Pangaea
497 432 534 463 et
563 426 682 463 Rhesi
712 426 900 464 Mavortia
930 427 1038 464 tellus

108 492 222 534 atque
252 485 374 523 Getae
403 493 516 535 atque
546 486 701 523 Hebrus
731 494 768 523 et
797 487 928 524 Actias
959 486 1141 535 Orithyia.

109 544 200 593 Ipse
228 557 320 582 cava
349 545 480 583 solans
509 557 666 594 aegrum
696 546 887 583 testudine
917 558 1090 582 amorem

108 610 157 649 te,
187 603 307 642 dulcis
336 605 515 649 coniunx,
546 611 583 641 te
613 605 694 642 solo
726 606 764 642 in
794 605 903 642 litore
932 616 1077 648 secum,
1438 613 1499 650 465

108 669 144 699 te
174 663 348 700 veniente
377 663 448 705 die.
478 671 514 700 te
543 663 753 700 decedente
783 665 954 701 canebat.

108 721 318 759 Taenarias
347 721 462 759 etiam
492 722 631 767 fauces,
662 723 737 760 alta
764 724 863 761 ostia
891 723 1003 767 Ditis,

109 787 147 818 et
175 781 403 831 caligantem
432 782 541 830 nigra
570 782 774 819 formidine
804 783 933 819 lucum

108 840 302 889 ingressus
333 840 550 890 Manesque
580 842 671 878 adiit
700 854 908 891 regemque
938 843 1180 880 tremendum

109 901 313 949 nesciaque
342 900 519 937 humanis
548 902 724 950 precibus
754 913 1022 939 mansuescere
1053 903 1180 939 corda.
1218 925 1242 936 .‹
1439 918 1502 949 450

108 959 161 997 At
189 967 302 997 cantu
331 967 549 997 commotae
576 959 690 997 Erebi
721 960 768 997 de
798 960 952 998 sedibus
982 961 1067 998 imis

108 1019 267 1056 umbrae
295 1019 400 1055 ibant
429 1026 563 1056 tenues
593 1019 870 1069 simulacraque
899 1019 984 1056 luce
1015 1028 1225 1063 carentum,

110 1091 227 1128 quam
255 1078 373 1115 multa
401 1079 441 1114 in
470 1078 568 1115 foliis
598 1079 722 1115 avium
753 1092 793 1116 se
822 1079 941 1116 millia
971 1080 1155 1123 condunt,

110 1150 246 1187 vesper
273 1138 338 1175 ubi
366 1146 429 1174 aut
458 1137 638 1174 hibernus
667 1139 745 1187 agit
775 1138 822 1175 de
852 1139 1047 1176 montibus
1077 1140 1209 1183 imber,

111 1204 251 1234 matres
281 1204 394 1245 atque
423 1197 490 1233 viri
521 1196 776 1246 defunctaque
806 1209 968 1246 corpora
997 1198 1071 1234 vita
1438 1212 1499 1246 475

110 1258 405 1306 magnanimum
434 1256 607 1302 heroum,
638 1257 743 1306 pueri
772 1258 1032 1305 innuptaeque
1061 1257 1219 1306 puellae,

111 1317 358 1365 impositique
387 1316 491 1364 rogis
520 1316 675 1353 iuvenes
706 1323 793 1353 ante
823 1329 890 1353 ora
918 1324 1143 1365 parentum;

112 1388 210 1425 quos
241 1376 383 1413 circum
413 1375 524 1413 limus
552 1375 661 1423 niger
690 1383 727 1412 et
756 1375 937 1413 deformis
967 1376 1142 1413 harundo

113 1435 249 1484 Cocyti
279 1435 461 1483 tardaque
490 1435 598 1483 palus
626 1435 840 1472 inamabilis
870 1435 975 1472 unda

112 1495 252 1544 alligat,
281 1501 318 1531 et
347 1495 509 1531 noviens
540 1494 632 1543 Styx
662 1494 842 1532 interfusa
873 1502 1035 1533 coercet.
1441 1503 1504 1542 480

113 1554 217 1600 Quin
248 1555 352 1603 ipsae
382 1560 559 1602 stupuere
590 1554 729 1591 domus
758 1562 872 1604 atque
902 1555 1035 1592 intima
1065 1555 1149 1592 Leti

113 1614 274 1651 Tartara
302 1613 574 1663 caeruleosque
604 1613 795 1661 implexae
828 1615 995 1651 crinibus
1026 1627 1173 1664 angues

113 1672 359 1719 Eumenides,
389 1673 586 1721 tenuitque
614 1672 765 1710 inhians
794 1674 864 1710 tria
895 1673 1086 1711 Cerberus
1116 1685 1196 1718 ora,

112 1740 225 1781 atque
255 1732 391 1769 Ixionii
422 1739 537 1769 vento
567 1739 649 1768 rota
680 1733 848 1770 constitit
877 1734 993 1771 orbis.

113 1791 272 1841 Iamque
301 1790 441 1840 pedem
470 1790 637 1828 referens
668 1803 778 1829 casus
809 1800 980 1830 evaserat
1010 1804 1159 1837 omnes,
1442 1800 1504 1840 455

113 1852 340 1900 redditaque
369 1850 558 1900 Eurydice
589 1864 746 1901 superas
775 1853 952 1890 veniebat
981 1853 1030 1890 ad
1060 1866 1169 1890 auras

114 1922 218 1960 pone
249 1923 416 1960 sequens
447 1913 631 1960 (namque
661 1911 760 1949 hanc
791 1912 946 1949 dederat
976 1912 1207 1961 Proserpina
1235 1912 1389 1961 legem),

115 1982 203 2007 cum
232 1971 357 2007 subita
386 1970 581 2008 incautum
611 1971 804 2008 dementia
834 1972 935 2020 cepit
964 1979 1171 2016 amantem,

115 2029 354 2078 ignoscenda
383 2029 550 2078 quidem,
581 2030 720 2067 scirent
749 2031 779 2067 si
808 2030 1011 2079 ignoscere
1043 2029 1204 2067 Manes:

114 2089 256 2133 restitit,
286 2088 580 2137 Eurydicenque
611 2101 719 2126 suam
750 2090 826 2126 iam
856 2090 938 2127 luce
969 2090 1039 2126 sub
1068 2090 1150 2138 ipsa
1440 2107 1504 2139 490

114 2147 318 2184 immernor
345 2147 421 2185 heu
449 2148 644 2197 victusque
675 2149 792 2185 animi
821 2150 1000 2198 respexit.
1056 2148 1115 2185 Ibi
1145 2149 1271 2186 omnis

114 2205 257 2243 effusus
285 2206 393 2243 labor
421 2214 536 2256 atque
566 2208 722 2245 immitis
752 2215 863 2257 rupta
891 2207 1041 2255 tyranni

114 2264 270 2302 foedera
297 2272 431 2315 terque
461 2266 589 2315 fragor
618 2267 764 2315 stagnis
793 2266 943 2303 auditus
972 2267 1126 2304 Averni.

116 2324 185 2361 Illa
214 2324 348 2370 “Quis
377 2332 414 2362 et
442 2324 537 2362 me''
567 2326 690 2375 inquit
721 2326 933 2362 “miseram
963 2334 999 2363 et
1029 2334 1064 2363 te
1095 2327 1268 2377 perdidit,
1301 2327 1470 2377 Orpheu,

116 2383 200 2431 quis
228 2390 355 2421 tantus
383 2383 513 2421 furor?
561 2384 622 2421 En
653 2386 788 2421 iterum
817 2385 983 2422 crudelia
1013 2393 1112 2423 retro
1438 2403 1498 2435 495

115 2441 191 2479 fata
219 2449 367 2487 vocant,
398 2443 604 2493 conditque
634 2444 802 2482 natantia
830 2443 973 2481 lumina
1002 2456 1172 2484 somnus.

222 2524 309 2550 VOL·
331 2524 355 2550 1.
797 2525 822 2552 G
