1669 2737
152 69 230 99 122
729 62 957 98 AENEIS.

203 172 302 209 ‘Vix
333 184 379 209 ea
407 171 504 209 fatus
535 177 616 209 erat
646 171 786 217 senior,
817 172 1018 222 subitoque
1049 172 1201 222 fragore

149 232 313 269 intonuit
343 231 503 274 laevum,
533 237 570 267 et
598 230 646 267 de
676 231 783 268 caelo
815 231 921 281 lapsa
949 244 1018 281 per
1046 234 1202 269 umbras

149 291 254 328 stella
284 290 405 328 facem
436 289 581 327 ducens
611 289 730 326 multa
759 302 848 327 cum
878 291 961 328 luce
991 291 1165 328 cucurrit.

149 350 269 395 Illam,
300 361 451 387 summa
479 360 593 397 super
622 348 815 386 labentem
846 350 1010 387 culmina
1038 350 1141 395 tecti,

149 410 340 446 cernimus
371 408 490 445 Idaea
519 407 660 445 claram
690 420 730 445 se
759 408 926 446 condere
957 409 1047 446 silva

149 469 444 517 signantemque
475 467 577 512 vias3
618 474 699 503 tum
729 467 848 517 longo
878 468 996 505 limite
1026 468 1155 505 sulcus

150 528 214 565 dat
242 528 378 572 lucem,
408 533 445 563 et
473 526 547 563 late
577 526 723 563 circum
752 527 836 564 loca
866 527 1045 577 sulphure
1076 527 1234 564 fumant.

153 587 228 625 Hic
258 595 348 624 vero
376 587 498 623 victus
528 585 678 634 genitor
707 598 747 623 se
778 586 909 623 tollere
939 587 988 624 ad
1017 599 1149 624 auras:

151 646 362 696 affaturque
392 646 486 683 deos
517 651 554 682 et
582 651 760 682 sanetum
790 645 896 683 sidus
926 646 1070 683 adorat.

153 707 269 744 “Iam
298 708 374 744 iam
405 705 508 742 nulla
537 716 648 742 mora
676 711 755 751 est;
797 717 936 754 sequor
965 712 1003 742 et
1031 717 1107 754 qua
1136 704 1273 742 ducitis
1303 704 1451 742 adsum.

149 765 200 803 Di
229 766 349 815 patrii,
380 771 524 803 servate
556 764 726 810 domum,
759 771 904 803 servate
934 771 1131 814 nepotem.

150 826 331 863 Vestrum
359 825 434 863 hoc
464 824 676 871 augurium,
707 830 907 873 vestroque
937 824 976 860 in
1005 825 1162 860 numine
1194 823 1314 861 Troia
1343 830 1409 861 est.

151 885 260 924 Cedo
289 885 470 935 equidem
499 895 582 928 nee,
614 889 714 927 nate,
744 884 809 920 tibi
841 895 973 920 comes
1003 884 1055 920 ire
1085 883 1256 921 recuso.''

151 946 308 982 Dixerat
337 944 409 989 ille,
440 950 477 981 et
505 943 580 979 iam
610 955 678 991 per
707 943 861 980 moenia
891 943 1026 980 clarior
1055 943 1156 991 ignis

151 1005 310 1050 auditur,
341 1005 576 1054 propiusque
607 1011 734 1042 aestus
764 1003 944 1040 incendia
974 1002 1139 1039 volvunt.

153 1064 291 1114 “Ergo
320 1076 403 1112 age,
434 1076 520 1101 care
550 1071 668 1112 pater,
700 1063 835 1100 cervici
865 1062 1064 1110 imponere
1093 1068 1269 1107 nostrae;

151 1127 232 1176 ipse
263 1126 399 1163 subibo
429 1125 580 1170 umeris,
611 1136 683 1161 nec
711 1135 775 1160 me
803 1123 912 1160 labor
940 1123 1010 1160 iste
1039 1123 1220 1171 gravabit.

151 1197 229 1235 quo
258 1196 318 1222 res
348 1196 513 1232 cumque
543 1183 692 1229 cadent,
722 1194 843 1219 unum
873 1187 910 1218 et
940 1193 1148 1218 commune
1178 1180 1374 1230 periclum,

151 1259 228 1285 una
257 1247 358 1284 salus
388 1245 578 1283 ambobus
607 1245 687 1282 erit.
746 1243 843 1280 Mihi
874 1255 1013 1292 parvus
1042 1243 1147 1280 Iulus

152 1308 198 1345 sit
226 1318 369 1352 comes,
400 1312 437 1343 et
466 1305 582 1354 longe
613 1310 735 1342 servet
765 1303 927 1351 vestigia
955 1302 1137 1340 coniunx.

151 1368 246 1414 Vos,
276 1367 416 1412 famuli,
449 1379 547 1416 quae
578 1366 704 1403 dicam
733 1364 872 1402 animis
901 1363 1082 1401 advertite
1106 1363 1250 1400 vestris.

151 1428 221 1465 Est
250 1428 342 1464 urbe
372 1426 534 1475 egressis
564 1425 731 1462 tumulus
761 1423 1026 1472 templumque
1058 1429 1249 1460 vetustum

152 1487 325 1524 desertae
355 1484 504 1522 Cereris
534 1486 715 1533 iuxtaque
745 1483 902 1531 antiqua
932 1493 1138 1530 cupressus

152 1546 335 1595 religione
363 1552 516 1594 patrum
543 1544 686 1581 multos
716 1549 862 1580 servata
890 1553 959 1590 per
988 1552 1135 1578 annos:

152 1608 251 1645 hanc
280 1619 328 1644 ex
358 1605 507 1643 diverso
537 1605 671 1641 sedem
699 1604 896 1640 veniemus
926 1602 964 1638 in
993 1613 1124 1638 unam.

152 1667 227 1712 Tu,
257 1665 418 1715 genitor,
449 1676 544 1713 cape
573 1674 682 1700 sacra
710 1673 828 1698 manu
856 1661 1077 1710 patriosque
1107 1660 1296 1705 Penates3

152 1740 227 1773 me,
256 1726 356 1763 bello
386 1738 407 1762 e
436 1730 544 1761 tanto
574 1723 791 1771 digressum
821 1728 858 1758 et
887 1721 1006 1758 caede
1036 1720 1191 1765 recenti,

153 1793 349 1824 attrectare
377 1783 497 1829 nefas,
527 1783 653 1820 donec
680 1793 744 1818 me
773 1780 933 1817 flumine
963 1780 1047 1817 vivo

155 1844 342 1884 abluero.'’

155 1907 267 1944 Haec
296 1906 393 1943 fatus
423 1904 520 1942 latos
547 1914 702 1941 umeros
731 1902 978 1950 subiectaque
1007 1900 1106 1938 colla

155 1973 257 2003 veste
287 1976 400 2013 super
428 1963 595 2012 fulvique
623 1963 812 1999 insternor
841 1961 937 2010 pelle
966 1960 1102 2005 leonis,

155 2026 400 2074 succedoque
428 2024 557 2069 oneri;
597 2022 752 2059 dextrae
781 2033 821 2058 se
851 2032 988 2070 parvus
1017 2019 1121 2056 Iulus

154 2084 340 2133 implicuit
368 2082 614 2131 sequiturque
642 2087 792 2130 patrem
820 2091 901 2116 non
931 2078 1108 2128 passibus
1138 2077 1271 2127 aequis
1287 2089 1298 2124 ;

154 2157 257 2195 pone
286 2144 386 2181 subit
415 2142 596 2180 coniunx.
654 2140 825 2178 Ferimur
853 2151 921 2188 per
950 2150 1073 2187 opaca
1102 2137 1305 2184 locorum;

154 2212 192 2243 et
219 2216 295 2250 me,
325 2214 442 2252 quem
472 2201 619 2238 dudum
647 2212 728 2237 non
757 2200 832 2236 ulla
861 2199 1000 2235 iniecta
1028 2199 1238 2235 movebant

154 2264 229 2302 tela
257 2274 382 2311 neque
412 2261 571 2298 adverso
601 2259 802 2308 glomerati
832 2270 880 2295 ex
909 2257 1063 2306 agmine
1095 2255 1211 2301 Graii,

155 2335 259 2361 nunc
288 2332 425 2359 omnes
453 2325 593 2357 terrent
622 2330 747 2363 aurae,
778 2329 897 2355 sonus
926 2316 1065 2354 excitat
1095 2315 1222 2352 omnis

155 2393 387 2433 suspensum
415 2386 453 2418 et
482 2380 621 2428 pariter
650 2379 858 2428 comitique
887 2377 1072 2426 onerique
1100 2377 1311 2413 timentem.

155 2445 316 2494 Iamque
345 2441 654 2492 propinquabam
683 2439 803 2489 portis
832 2448 1069 2486 omnemque
1097 2435 1251 2473 videbar

1485 658 1546 690 700

1487 1255 1548 1288 710

1488 2148 1548 2183 725

1486 2447 1547 2481 730
