1669 2737
124 67 177 122 38
680 74 969 110 GEORGICA.

122 181 174 219 Di
202 184 322 232 patrii,
353 183 552 233 indigetes,
584 189 622 220 et
652 182 817 220 Romule
845 182 1042 232 Vestaque
1070 189 1202 228 mater,

123 253 223 291 quae
252 242 426 280 Tuscum
455 242 627 280 Tiberim
657 249 693 280 et
723 242 904 279 Romana
933 242 1076 280 Palatia
1105 254 1245 288 servas,

123 301 226 338 hunc
256 301 392 338 saltem
421 313 554 339 everso
582 301 759 339 iuvenem
789 314 1007 339 succurrere
1037 301 1163 339 saeclo
1451 314 1515 345 500

124 373 173 397 ne
201 360 409 409 prohibete.
469 359 567 397 Satis
596 360 674 397 iam
702 361 851 410 pridem
881 361 1070 410 sanguine
1094 366 1225 398 nostro

123 419 439 457 Laomedonteae
468 419 608 457 luimus
636 421 800 468 periuria
829 420 983 466 Troiae,

124 479 200 515 iam
228 478 377 527 pridem
407 479 519 516 nobis
548 478 642 515 caeli
670 485 707 516 te
736 480 851 529 regia,
883 479 1037 526 Caesar,

123 537 277 581 invidet,
307 545 421 586 atque
450 537 651 574 hominurn
682 539 848 586 queritur
876 551 1008 576 curare
1036 538 1260 587 triumphos,

124 597 268 646 quippe
297 597 362 633 ubi
391 596 449 633 fas
477 609 629 634 versum
658 604 771 648 atque
801 598 934 635 nefas:
973 605 1030 636 tot
1058 599 1156 635 bella
1186 609 1252 647 per
1280 596 1425 642 orbem,
1450 609 1510 642 505

123 664 201 693 tarn
229 656 372 693 multae
403 656 589 693 scelerum
618 656 747 701 facies,
778 669 857 694 non
886 657 982 695 ullus
1012 664 1137 694 aratro

124 716 262 765 dignus
291 715 425 760 honos,
457 715 633 765 squalent
661 716 834 754 abductis
863 729 952 754 arva
981 717 1138 761 colonis,

124 782 161 812 et
189 786 325 812 curvae
354 774 517 823 rigidum
547 774 663 813 falces
693 776 908 813 conflantur
936 776 975 813 in
1003 788 1146 814 ensem.

125 833 230 871 Hinc
259 840 388 871 movet
416 833 645 883 Euphrates,
675 834 776 872 illinc
806 834 1014 872 Germania
1043 835 1206 882 bellum;

124 894 270 930 vicinae
299 893 420 942 ruptis
449 894 546 930 inter
575 905 615 931 se
644 893 792 942 legibus
821 895 934 932 urbes
1451 905 1516 937 510

124 965 230 989 arma
259 952 401 998 ferunt;
441 953 558 989 saevit
587 959 668 990 toto
699 952 805 990 Mars
834 953 973 1002 impius
1001 954 1115 991 orbe:

124 1018 164 1049 ut
192 1024 280 1048 cum
311 1013 524 1049 carceribus
553 1024 639 1049 sese
668 1012 835 1049 effudere
865 1013 1084 1061 quadrigae,

124 1070 269 1108 addunt
298 1071 336 1107 in
365 1071 497 1120 spatia,
527 1077 565 1108 et
593 1071 728 1108 frustra
757 1071 964 1108 retinacula
992 1071 1153 1108 tendens

124 1131 237 1167 fertur
265 1131 371 1179 equis
400 1131 541 1179 auriga,
571 1142 697 1180 neque
726 1130 831 1168 audit
859 1142 990 1168 currus
1019 1130 1199 1168 habenas.
