1669 2737
564 74 734 109 LIBER
771 74 832 110 VJ.
865 79 1076 124 302÷379.

133 183 187 220 sic
215 182 319 231 prior
347 182 571 232 alloquitur:
613 181 734 228 ‘Quis
763 188 811 227 te,
841 181 1028 225 Palinure,
1060 182 1220 220 deorum

131 241 267 290 eripuit
294 243 408 279 nobis
438 242 644 290 medioque
673 242 744 278 sub
774 252 940 289 aequore
969 242 1126 278 mersit?

130 300 203 338 Dic
231 314 313 350 age.
370 301 552 351 Namque
580 301 684 346 mihi,
715 301 827 338 fallax
857 302 960 339 haud
989 309 1078 339 ante
1107 308 1288 350 repertus,

128 359 204 397 hoc
231 373 310 398 uno
338 373 526 410 responso
555 361 726 398 animum
755 361 890 398 delusit
920 361 1074 409 Apollo,

129 419 194 468 qui
223 419 303 456 fore
332 426 369 456 te
398 426 520 468 ponto
549 419 784 457 incolumem
814 419 986 468 finesque
1016 421 1178 457 canebat

128 485 328 517 venturum
358 480 565 516 Ausonios.
624 478 687 516 En
716 479 810 516 haec
839 480 1029 528 promissa
1059 480 1152 517 fides
1183 479 1288 516 est?'

128 536 196 574 Ille
225 544 376 575 autem:
419 537 582 586 ‘Neque
611 544 648 575 te
678 538 826 575 Phoebi
855 538 1001 575 cortina
1030 537 1171 583 fefellit,

129 597 206 634 dux
234 597 481 643 Anchisiade,
510 610 583 635 nec
612 610 675 634 me
705 598 799 635 deus
829 609 996 646 aequore
1024 599 1165 635 mersit.

127 654 306 704 Namque
335 656 609 704 gubernaclum
637 656 755 693 multa
783 657 817 692 vi
846 656 944 694 forte
973 657 1174 701 revulsum,

128 714 188 751 cui
217 714 328 752 datus
357 715 562 752 haerebam
592 722 720 752 custos
750 728 957 765 cursusque
986 717 1177 764 regebam,

126 775 380 823 praecipitans
407 775 504 812 traxi
531 787 696 813 mecum.
754 775 878 812 Maria
907 788 1043 824 aspera
1072 777 1155 813 iuro

127 845 207 870 non
235 833 354 870 ullum
382 845 453 882 pro
482 846 545 871 me
575 840 722 871 tanturn
752 835 902 883 cepisse
932 837 1122 880 timorem,

126 904 243 941 quam
271 899 336 930 tua
365 905 414 930 ne
444 893 605 941 spoliata
634 893 758 939 armis,
790 905 953 931 excussa
982 894 1177 942 magistro,

126 952 305 989 deficeret
332 952 447 989 tantis
476 953 582 990 navis
612 953 855 1001 surgentibus
884 953 1006 990 undis.

127 1010 225 1048 Tres
253 1010 380 1048 Notus
407 1011 584 1048 hibernas
613 1012 802 1049 immensa
831 1024 899 1061 per
929 1025 1096 1062 aequora
1125 1020 1260 1051 noctes

124 1070 224 1107 vexit
252 1082 315 1107 me
342 1069 529 1107 violentus
558 1082 658 1119 aqua
674 1083 685 1116 3
723 1071 784 1107 vix
814 1071 956 1108 lumine
987 1081 1121 1120 quarto

123 1130 304 1178 prospexi
333 1129 480 1166 Italiam
510 1141 661 1166 summa
691 1130 861 1167 sublimis
892 1132 941 1167 ab
970 1131 1085 1167 unda.

123 1187 311 1225 Paulatim
340 1189 532 1225 annabam
560 1194 704 1226 terrae:
745 1189 821 1226 iam
851 1197 931 1226 tuta
960 1191 1149 1236 tenebam,

123 1248 163 1284 ni
191 1260 287 1296 gens
317 1248 479 1286 crudelis
509 1247 664 1284 madida
692 1260 780 1285 cum
809 1256 912 1286 veste
942 1256 1140 1298 gravatum

122 1314 446 1355 prensantemque
475 1306 584 1343 uncis
613 1307 791 1344 manibus
821 1308 947 1356 capita
975 1320 1109 1357 aspera
1138 1310 1282 1347 montis

121 1364 220 1403 ferro
248 1366 447 1403 invasisset
475 1366 734 1415 praedamque
763 1367 895 1415 ignara
924 1374 1103 1415 putasset.

120 1423 237 1462 Nunc
266 1437 329 1462 me
356 1424 494 1462 fluctus
522 1425 636 1462 habet
664 1433 891 1475 versantque
921 1427 960 1463 in
988 1426 1096 1464 litore
1124 1427 1236 1464 venti.

121 1482 240 1529 Quod
268 1489 304 1520 te
334 1495 402 1531 per
431 1482 525 1520 caeli
553 1483 762 1520 iucundum
792 1484 921 1521 lumen
952 1491 989 1522 et
1017 1496 1139 1530 auras,

119 1555 187 1592 per
215 1544 428 1592 genitorem
458 1555 537 1589 oro,
568 1555 636 1592 per
666 1556 754 1593 spes
784 1545 971 1593 surgentis
1002 1545 1085 1590 Iuli,

118 1604 221 1653 eripe
249 1616 312 1641 me
339 1603 409 1649 his,
440 1604 587 1649 invicte,
617 1605 751 1642 malis:
787 1612 850 1642 aut
879 1612 919 1642 tu
948 1605 1039 1642 mihi
1070 1612 1207 1643 terram

118 1665 230 1703 iniice
259 1664 440 1716 (namque
470 1665 596 1715 potes)
627 1673 839 1716 portusque
868 1667 1017 1716 require
1046 1667 1217 1713 Veiinos,

118 1734 183 1765 aut
210 1734 262 1772 tu,
293 1728 324 1765 si
353 1740 431 1777 qua
458 1728 518 1765 via
546 1735 616 1774 est,
646 1729 678 1765 si
707 1741 823 1778 quam
852 1729 919 1766 tibi
949 1729 1035 1766 diva
1064 1731 1222 1767 creatrix

117 1789 285 1827 ostendit
313 1788 455 1839 (neque
485 1789 598 1835 enim,
629 1790 756 1835 credo,
787 1790 867 1827 sine
896 1791 1053 1828 numine
1084 1791 1212 1828 divum

115 1847 274 1884 flumina
301 1853 406 1884 tanta
433 1859 544 1896 paras
576 1847 822 1897 Stygiamque
851 1849 984 1886 innare
1012 1848 1223 1898 paludem),

116 1908 165 1946 da
192 1908 365 1945 dextram
394 1909 535 1946 misero
564 1915 602 1946 et
630 1916 757 1946 tecum
787 1922 849 1946 me
877 1910 966 1947 tolle
995 1922 1064 1958 per
1092 1910 1228 1956 undas,

117 1967 270 2004 sedibus
299 1973 342 2003 ut
371 1967 504 2004 saltem
532 1967 690 2016 placidis
719 1969 758 2005 in
788 1975 909 2006 morte
938 1969 1157 2018 quiescam.'

116 2025 228 2063 Talia
255 2026 352 2064 fatus
381 2034 471 2072 erat,
501 2028 628 2076 coepit
656 2040 743 2065 cum
773 2029 860 2065 talia
888 2035 1017 2065 vates:

117 2084 253 2122 ‘Unde
281 2084 387 2131 haec,
417 2097 442 2123 0
471 2085 657 2131 Palinure,
687 2087 754 2123 tibi
783 2095 861 2124 tam
890 2088 970 2124 dira
999 2087 1165 2136 cupido?

113 2151 154 2182 tu
185 2144 334 2194 Stygias
362 2144 583 2184 inhumatus
612 2158 730 2195 aquas
761 2158 991 2194 amnemque
1021 2159 1194 2183 severum

113 2203 372 2241 Eumenidum
400 2205 561 2253 aspicies
590 2205 760 2254 ripamve
790 2206 955 2243 iniussus
985 2206 1132 2243 adibis?

113 2263 257 2300 Desine
285 2262 361 2300 fata
390 2263 504 2300 deum
532 2264 633 2302 flecti
662 2277 812 2313 sperare
842 2265 1048 2313 precando.

115 2321 191 2359 Sed
220 2334 315 2371 cape
345 2322 446 2359 dicta
473 2334 634 2370 memor,
667 2323 748 2360 duri
780 2323 915 2360 solatia
943 2335 1065 2361 casus.

113 2380 216 2418 Nam
244 2387 309 2418 tua
337 2380 494 2427 finitimi,
525 2382 640 2430 longe
670 2382 819 2431 lateque
849 2394 916 2431 per
945 2383 1056 2420 urbes

112 2440 296 2490 prodigiis
326 2440 398 2477 acti
428 2440 661 2487 caelestibus,
692 2454 779 2479 ossa
808 2442 979 2490 piabunt,

774 2524 839 2550 02

1440 78 1519 124 195

1456 436 1516 467 345

1440 1928 1505 1958 370

1438 2223 1497 2254 375
