1669 2737
573 73 741 108 LIBER
770 72 848 110 III.
884 67 1025 121 574—‚6
1028 78 1095 120 51.

143 182 272 221 “Sum
301 181 423 233 patria
450 194 498 220 ex
527 181 671 228 Ithaca,
702 193 833 219 comes
862 181 1022 219 infelicis
1051 180 1166 223 Ulixi,

141 242 299 281 nomine
325 241 642 287 Achaemenides,
672 241 831 278 Troiam
860 241 1033 289 genitore
1062 240 1275 278 Adamasto

141 315 309 352 paupere
338 301 632 354 (mansissetque
662 302 807 339 utinam
836 300 1027 345 fortunal)
1058 300 1264 349 profectus,

142 362 219 400 Hic
245 374 318 408 me,
349 362 441 399 dum
469 361 604 411 trepidi
633 360 800 399 crudelia
828 360 959 396 limina
988 360 1175 408 linquunt,

140 421 386 459 immemores
415 422 507 459 socii
537 427 643 458 vasto
673 419 855 469 Cyclopis
884 419 923 456 in
951 426 1061 456 antro

140 481 348 519 deseruere.
405 481 557 518 Domus
587 479 693 517 sanie
722 478 960 527 dapibusque
990 478 1154 515 cruentis

139 539 239 577 intus
268 552 392 589 opaca
419 540 566 588 ingens.
624 539 713 588 Ipse
743 538 884 575 arduus
914 537 1063 586 altaque
1093 536 1217 586 pulsat

140 599 263 637 sidera
292 599 347 650 (di
375 599 490 636 talem
518 598 626 636 terris
654 598 808 635 avertite
837 596 1003 647 pestem)

139 670 212 696 nec
240 659 322 696 visu
350 658 468 696 facilis
498 670 570 695 nec
599 657 701 694 dictu
731 656 891 693 affabilis
921 656 994 692 ulli.

138 717 361 755 Visceribus
389 718 617 754 miserorum
646 722 684 754 et
712 716 898 764 sanguine
928 715 1089 752 vescitur
1118 721 1210 752 atro.

139 776 228 813 Vidi
256 783 412 826 egomet
440 776 517 813 duo
547 776 595 813 de
622 786 783 812 numero
813 786 900 811 cum
931 786 1094 823 corpora
1123 783 1256 811 nostro

138 847 279 885 prensa
307 847 425 872 manu
453 847 595 884 magna
623 834 752 871 medio
782 834 983 882 resupinus
1012 835 1051 870 in
1080 841 1189 870 antro

139 895 328 945 frangeret
355 895 405 932 ad
433 907 568 932 saxum
599 895 780 943 sanieque
805 905 960 941 aspersa
990 899 1164 929 natarent

138 954 279 999 limina,
306 954 381 992 vidi
409 962 490 992 atro
520 966 608 992 cum
636 955 808 990 membra
837 953 992 989 fluentia
1021 953 1112 989 tabo

138 1014 336 1051 manderet
363 1020 400 1051 et
429 1014 547 1063 tepidi
575 1019 780 1050 tremerent
809 1013 881 1049 sub
911 1011 1087 1048 dentibus
1118 1017 1232 1047 artus.

140 1073 257 1111 Haud
284 1074 442 1124 impune
472 1072 648 1123 quidem:
683 1084 754 1109 nec
784 1072 871 1108 talia
900 1083 1035 1119 passus
1064 1070 1197 1108 Ulixes

138 1134 324 1171 oblitusve
352 1134 411 1171 sui
439 1140 496 1171 est
525 1133 678 1170 Ithacus
708 1132 923 1169 discrimine
953 1138 1071 1168 tanto.

138 1192 241 1230 Nam
270 1193 383 1231 simul
412 1193 584 1242 expletus
614 1192 776 1240 dapibus
805 1191 972 1238 vinoque
1003 1190 1171 1239 sepultus

138 1252 323 1290 cervicem
351 1251 533 1289 inflexam
563 1252 689 1300 posuit
716 1250 907 1299 iacuitque
935 1261 1003 1298 per
1032 1258 1181 1286 antrum

137 1312 347 1349 immensus
376 1311 522 1348 saniem
552 1317 728 1348 eructans
759 1316 795 1346 et
823 1310 942 1346 frusta
971 1315 1130 1345 cruento

137 1383 205 1420 per
232 1382 413 1408 somnum
442 1370 652 1407 commixta
679 1381 797 1414 mero,
828 1381 900 1405 nos
930 1380 1072 1416 magna
1101 1367 1243 1416 precati

137 1429 297 1467 numina
326 1430 522 1479 sortitique
550 1429 651 1466 vices
680 1441 757 1466 una
786 1428 956 1476 undique
985 1427 1129 1464 circum

138 1489 343 1535 fundimur,
373 1495 410 1526 et
437 1489 514 1525 telo
543 1488 673 1526 lumen
702 1489 937 1525 terebramus
967 1492 1080 1523 acuto

137 1549 286 1597 ingens,
315 1548 421 1597 quod
448 1553 555 1584 torva
583 1547 709 1584 solum
738 1548 809 1584 sub
839 1546 963 1583 fronte
994 1546 1142 1590 latebat,

138 1607 307 1657 Argolici
337 1607 446 1656 clipei
475 1614 538 1644 aut
566 1607 771 1644 Phoebeae
800 1606 989 1655 lampadis
1007 1605 1146 1650 instar,

137 1676 175 1706 et
203 1668 360 1706 tandem
387 1668 475 1705 laeti
503 1669 696 1705 sociorum
725 1666 941 1704 ulciscimur
969 1666 1135 1703 umbras.

139 1728 215 1767 Sed
243 1728 372 1777 fugite,
404 1739 429 1766 ο
457 1728 595 1773 miseri,
625 1727 742 1776 fugite
773 1733 887 1776 atque
915 1726 965 1763 ab
993 1725 1102 1763 litore
1131 1725 1261 1763 funem

94 1780 105 1783 s
137 1789 308 1838 rumpite.

137 1848 240 1886 Nam
269 1847 391 1897 qualis
420 1853 661 1897 quantusque
690 1859 784 1885 cavo
814 1845 1073 1896 Polyphemus
1103 1846 1141 1882 in
1171 1852 1281 1882 antro

137 1908 324 1958 lanigeras
354 1907 492 1945 claudit
520 1908 689 1957 pecudes
719 1915 832 1956 atque
861 1908 979 1943 ubera
1007 1911 1164 1955 pressat,

138 1975 292 2007 centum
319 1968 381 2006 alii
410 1980 522 2006 curva
550 1967 645 2005 haec
674 1967 845 2004 habitant
874 1966 923 2004 ad
951 1966 1060 2003 litora
1090 1964 1204 2013 vulgo

137 2027 281 2066 infandi
310 2026 500 2077 Cyclopes
529 2034 567 2065 et
595 2026 678 2064 altis
706 2026 902 2064 montibus
931 2031 1066 2062 errant.

137 2087 268 2126 Tertia
295 2088 372 2125 iam
400 2087 513 2124 lunae
541 2099 583 2124 se
612 2099 756 2124 cornua
783 2086 926 2123 lumine
955 2084 1161 2133 complent,

138 2159 227 2185 cum
253 2147 369 2184 vitam
396 2146 436 2183 in
463 2145 563 2184 silvis
592 2146 689 2183 inter
719 2146 868 2182 deserta
897 2144 1061 2181 ferarum

136 2205 253 2243 lustra
280 2205 497 2255 domosque
524 2204 645 2250 traho,
674 2211 878 2252 vastosque
908 2203 956 2239 ab
984 2214 1078 2251 rupe
1107 2200 1298 2251 Cyclopas

138 2264 329 2314 prospicio
357 2265 602 2314 sonitumque
630 2263 774 2312 pedum
802 2273 1013 2311 vocemque
1041 2268 1241 2299 tremesco.

137 2323 295 2361 Victum
323 2323 524 2369 infelicem,
554 2324 671 2361 bacas
699 2322 950 2372 lapidosaque
979 2333 1109 2366 corna,

139 2382 232 2420 dant
259 2382 363 2427 rami,
393 2390 430 2420 et
458 2382 572 2420 vulsis
601 2388 764 2432 pascunt
791 2381 981 2418 radicibus
1010 2379 1159 2417 herbae.

140 2441 283 2481 Omnia
311 2442 534 2481 collustrans
563 2443 663 2481 hanc
692 2442 857 2492 primum
887 2441 936 2478 ad
965 2441 1074 2478 litora
1102 2441 1264 2479 classem

1449 78 1521 116 141

1465 305 1525 345 615

1463 601 1526 632 620

1464 1791 1526 1829 640
