1669 2737
575 89 742 126 LIBER
770 90 821 126 X.
853 84 880 123 6
881 92 1063 139 53—729.

127 199 193 237 uni
222 198 396 248 odiisque
424 199 504 237 viro
534 198 693 248 telisque
723 198 983 248 frequentibus
1013 199 1164 235 instant.

127 257 195 296 Ille
223 258 324 295 velut
350 270 474 307 rupes,
506 265 655 295 vastum
685 269 784 306 quae
813 258 940 306 prodit
969 258 1008 294 in
1038 269 1191 307 aequor,

127 317 239 355 obvia
267 324 467 355 ventorum
495 316 598 354 furiis
627 324 866 365 expostaque
895 323 1029 365 ponto,

126 376 202 414 vim
231 384 408 415 cunctam
437 384 552 425 atque
580 376 704 413 minas
734 376 875 424 perfert
904 376 1074 425 caelique
1104 377 1308 426 marisque,

126 436 212 485 ipsa
238 436 398 474 immota
425 448 597 481 manens,
627 435 777 484 prolem
807 435 1060 473 Dolichaonis
1091 435 1266 473 Hebrum

127 495 258 533 sternit
286 495 403 539 humi,
434 506 522 532 cum
552 505 631 544 quo
662 494 849 543 Latagum
881 494 1132 544 Palmumque
1162 494 1351 543 fugacem,

127 554 195 591 sed
224 554 413 604 Latagum
442 566 537 592 saxo
567 561 681 603 atque
710 554 855 602 ingenti
886 554 1073 602 fragmine
1101 555 1245 592 montis

127 619 291 662 occupat
319 625 364 651 os
392 614 607 662 faciemque
636 613 845 659 adversam,
877 614 1020 663 poplite
1050 613 1228 651 Palmum

127 673 277 712 succiso
306 673 404 711 volvi
433 684 594 722 segnem
624 673 721 717 sinit,
753 686 933 723 armaque
964 674 1093 712 Lauso

128 732 248 769 donat
276 732 416 770 habere
446 732 584 769 umeris
614 738 652 769 et
680 734 819 770 vertice
848 734 966 782 figere
996 734 1138 771 cristas.

129 790 213 829 Nec
242 804 322 829 non
351 791 554 829 Evanthen
583 791 792 840 Phrygium
822 792 1044 841 Paridisque
1073 792 1263 830 Mimanta

129 851 327 900 aequalem
357 851 625 901 comitemque,
655 863 733 888 una
762 864 877 900 quem
906 859 1019 889 nocte
1049 851 1213 889 Theano

129 910 168 946 in
196 909 321 947 lucem
349 910 514 959 genitori
543 911 694 960 Amyco
724 910 828 947 dedit
857 917 894 948 et
923 910 1005 948 face
1035 922 1255 960 praegnans

129 969 270 1008 Cisseis
298 971 429 1019 regina
458 970 598 1007 Parin:
637 970 815 1011 †Paris†
845 971 938 1008 urbe
969 978 1127 1020 paterna

129 1030 304 1074 occubat,
334 1030 510 1078 ignarum
540 1028 713 1066 Laurens
742 1028 857 1067 habet
886 1041 953 1067 ora
983 1030 1183 1068 Mimanta.

129 1088 188 1126 Ac
216 1089 317 1126 velut
345 1089 405 1126 ille
434 1100 573 1126 canum
602 1100 734 1125 morsu
764 1088 811 1126 de
840 1090 1033 1127 montibus
1062 1090 1145 1127 altis

131 1156 238 1186 actus
267 1160 369 1198 aper,
399 1148 540 1185 multos
570 1147 735 1185 Vesulus
764 1161 880 1198 quem
909 1149 1047 1197 pinifer
1075 1162 1200 1187 annos

131 1208 299 1245 defendit
327 1208 546 1257 multosque
575 1207 684 1257 palus
714 1208 929 1254 Laurentia,
962 1209 1053 1245 silva

131 1274 262 1316 pastus
290 1266 537 1313 harundinea,
567 1273 774 1316 postquam
803 1268 900 1304 inter
929 1268 1023 1305 retia
1053 1275 1208 1306 ventum
1240 1275 1305 1314 est,

133 1327 296 1364 substitit
323 1325 592 1375 infremuitque
621 1325 729 1364 ferox
759 1333 795 1364 et
824 1327 1009 1364 inhorruit
1038 1339 1177 1373 armos,

132 1398 204 1423 nec
232 1386 411 1435 cuiquam
439 1386 547 1423 irasci
577 1386 812 1435 propiusque
841 1386 1024 1423 accedere
1054 1387 1181 1432 virtus,

133 1445 202 1483 sed
230 1444 360 1483 iaculis
389 1445 555 1494 tutisque
584 1445 717 1494 procul
746 1440 983 1483 clamoribus*
1006 1446 1147 1484 instant
1162 1459 1173 1493 3

132 1505 193 1542 ille
222 1511 349 1541 autem
378 1504 592 1553 impavidus
622 1512 750 1553 partes
779 1512 978 1542 cunctatur
1006 1506 1045 1542 in
1076 1517 1224 1551 omnes,

134 1564 309 1601 dentibus
337 1563 570 1609 infrendens,
600 1571 636 1600 et
666 1571 773 1612 tergo
804 1565 947 1602 decutit
976 1564 1129 1602 hastas:

133 1623 237 1661 haud
265 1623 381 1668 aliter,
410 1623 529 1660 iustae
559 1624 698 1672 quibus
728 1630 784 1662 est
814 1623 1032 1661 Mezentius
1061 1625 1148 1670 irae,

134 1695 215 1721 non
243 1683 308 1720 ulli
336 1688 393 1720 est
421 1683 571 1720 animus
602 1685 731 1721 stricto
761 1696 985 1722 concurrere
1017 1684 1138 1731 ferro;

134 1742 338 1780 missilibus
367 1742 483 1790 longe
512 1750 549 1779 et
579 1749 684 1779 vasto
714 1743 882 1780 clamore
911 1743 1114 1781 lacessunt.

135 1801 304 1839 Venerat
331 1802 497 1851 antiquis
527 1801 686 1850 Corythi
716 1802 764 1839 de
793 1802 934 1840 finibus
964 1804 1107 1848 Acron,

137 1859 275 1898 Graius
301 1860 431 1905 homo,
461 1860 625 1898 infectos
654 1861 830 1910 linquens
859 1861 1045 1911 profugus
1075 1862 1320 1911 hymenaeos.

137 1919 256 1957 Hunc
283 1920 350 1957 ubi
377 1921 604 1958 miscentem
634 1921 750 1970 longe
780 1922 907 1958 media
937 1922 1093 1969 agmina
1122 1921 1222 1967 vidit,

136 1990 370 2029 purpureum
399 1980 537 2028 pennis
567 1985 604 2016 et
632 1988 768 2029 pactae
798 1980 973 2029 coniugis
1002 1988 1118 2026 ostro,

137 2039 324 2088 impastus
352 2039 501 2077 stabula
529 2039 603 2077 alta
630 2039 692 2077 leo
722 2052 793 2077 ceu
823 2051 938 2088 saepe
968 2052 1175 2088 peragrans

139 2098 289 2149 (suadet
317 2100 420 2136 enim
449 2111 590 2137 vesana
618 2098 768 2150 fames),
800 2100 830 2136 si
859 2099 956 2137 forte
986 2099 1165 2149 fugacem

139 2158 342 2206 conspexit
369 2171 547 2208 capream
575 2166 640 2196 aut
669 2165 890 2207 surgentem
919 2159 958 2196 in
987 2170 1131 2196 cornua
1160 2171 1325 2206 cervum,

139 2217 290 2267 gaudet,
319 2217 428 2256 hians
457 2219 637 2263 immane,
668 2229 876 2266 comasque
907 2218 1045 2255 arrexit
1074 2226 1109 2255 et
1139 2218 1269 2256 haeret

139 2277 344 2315 visceribus
373 2290 487 2327 super
515 2278 755 2322 incumbens,
786 2277 874 2314 lavit
904 2277 1080 2326 improba
1109 2284 1227 2315 taeter

140 2348 207 2374 ora
234 2348 356 2383 cruor,

141 2397 196 2434 sic
225 2396 296 2433 ruit
324 2396 364 2433 in
393 2395 535 2435 densos
564 2396 686 2434 alacer
715 2395 931 2434 Mezentius
960 2397 1101 2434 hostes.

461 2474 534 2510 705.
581 2468 676 2500 MSS.
695 2468 810 2500 ‘Parin
827 2473 931 2500 creat:
955 2469 1034 2500 urbe
1051 2468 1201 2511 paterna’

793 2533 818 2559 U
849 2532 868 2557 2

1434 94 1511 136 291

1451 381 1512 423 695
