1669 2737
118 58 198 103 262
701 63 927 100 AENEIS.

117 173 220 211 Dum
250 173 449 224 trepidant,
479 175 519 212 iit
547 172 657 212 hasta
686 173 801 222 Tago
829 185 897 222 per
926 178 1077 220 tempus
1105 177 1306 220 utrumque

117 234 278 271 stridens
307 235 538 283 traiectoque
568 233 688 271 haesit
717 233 905 282 tepefacta
934 232 1100 269 cerebro.

119 293 242 331 Saevit
270 300 378 331 atrox
406 294 576 331 Volcens
606 305 677 330 nec
706 293 768 330 teli
800 292 985 340 conspicit
1015 302 1178 339 usquam

118 360 309 390 auctorem
338 365 409 390 nec
439 365 516 402 quo
547 365 587 389 se
616 351 752 389 ardens
782 352 983 388 immittere
1011 350 1142 399 possit.

119 411 204 449 ‘Tu
232 418 362 449 tamen
391 412 531 448 interea
562 410 685 448 calido
716 410 807 446 mihi
837 410 1023 457 sanguine
1052 419 1200 457 poenas

117 472 309 521 persolves
337 470 558 508 amborum'
588 470 735 519 inquit;
775 469 886 507 simul
915 481 1007 506 ense
1036 468 1186 504 recluso

118 531 195 568 ibat
223 531 261 567 in
288 530 505 579 Euryalum.
564 528 669 566 Tum
697 541 787 566 vero
817 529 1025 572 exterritus,
1056 538 1189 563 amens

119 590 333 628 conclamat
361 588 490 633 Nisus,
520 601 591 625 nee
622 600 663 625 se
691 588 811 625 celare
839 588 1004 624 tenebris

119 649 279 697 amplius
307 654 371 685 aut
399 653 546 684 tantum
576 647 698 695 potuit
727 646 890 695 perferre
921 646 1120 684 dolorem:

120 708 220 754 ‘Me,
249 707 501 744 me—adsum
532 706 595 753 qui
624 704 792 742 feci—in
820 717 882 742 me
911 706 1117 742 convertite
1146 703 1296 747 ferrum,

119 780 144 806 0
174 767 326 805 Rutuli:
364 778 451 803 mea
479 764 581 801 fraus
609 764 757 809 omnis;
797 764 888 801 nihil
917 765 986 801 iste
1014 775 1085 800 nec
1115 773 1230 799 ausus

120 839 191 865 nec
219 826 341 875 potuit
369 824 534 874 (caelum
563 823 638 860 hoc
667 829 705 860 et
734 823 889 860 conscia
917 822 1039 859 sidera
1068 820 1225 870 testor);

119 893 266 924 tantum
294 884 483 921 infelicem
512 882 670 918 nimium
701 881 830 917 dilexit
860 880 1047 918 amicum.'

120 945 231 983 Talia
259 944 358 981 dicta
386 942 521 987 dabat3
562 941 629 978 sed
657 941 797 977 viribus
828 940 931 977 ensis
962 940 1120 977 adactus

120 1003 345 1051 transadigit
373 1009 499 1039 costas
528 1007 564 1037 et
594 1000 757 1037 candida
786 1006 942 1048 pectora
972 999 1122 1047 rumpit.

120 1063 293 1101 Volvitur
322 1061 508 1110 Euryalus
537 1060 624 1104 leto,
654 1058 909 1107 pulchrosque
939 1069 1006 1106 per
1035 1064 1134 1094 artus

122 1125 149 1162 it
177 1135 297 1169 cruor,
327 1123 442 1171 inque
471 1132 623 1157 umeros
653 1119 775 1156 cervix
806 1118 974 1167 collapsa
1002 1117 1212 1155 recumbit:

123 1193 333 1233 purpureus
360 1180 473 1217 veluti
502 1191 590 1216 cum
619 1178 691 1215 flos
720 1178 889 1215 succisus
918 1184 1042 1214 aratro

122 1241 333 1291 languescit
362 1240 540 1284 moriens,
569 1239 718 1276 lassove
747 1249 938 1286 papavera
967 1236 1066 1274 collo

125 1303 309 1340 demisere
338 1306 462 1348 caput,
491 1298 617 1347 pluvia
645 1309 733 1334 cum
763 1296 859 1334 forte
888 1302 1101 1345 gravantur.

124 1363 179 1399 At
208 1360 325 1398 Nisus
353 1359 424 1396 ruit
453 1359 491 1394 in
520 1357 669 1394 medios
699 1356 898 1404 solumque
927 1368 995 1404 per
1024 1366 1161 1392 omnes

125 1420 354 1458 Volcentem
382 1417 485 1467 petit,
515 1417 553 1453 in
582 1416 665 1453 solo
694 1415 880 1452 Volcente
910 1421 1091 1452 moratur.

127 1480 255 1527 Quem
276 1478 417 1515 circum
438 1475 636 1525 glomerati
656 1475 786 1512 hostes
807 1474 895 1511 hinc
916 1474 1130 1511 comminus
1151 1478 1263 1521 atque
1283 1470 1372 1508 hinc

126 1538 360 1589 proturbant.
417 1536 536 1572 Instat
565 1546 644 1571 non
673 1534 788 1571 setius
817 1545 861 1571 ac
890 1539 988 1570 rotat
1016 1544 1149 1569 ensem

128 1597 362 1640 fulmineum,
393 1595 517 1631 donec
548 1593 677 1630 Rutuli
707 1592 904 1629 clamantis
934 1592 973 1627 in
1002 1603 1068 1628 ore

129 1657 297 1696 condidit
325 1655 482 1692 adverso
511 1661 548 1691 et
577 1653 744 1690 moriens
773 1653 942 1689 animam
971 1650 1122 1688 abstulit
1151 1649 1262 1687 hosti.

129 1717 233 1754 Tum
261 1726 375 1764 super
403 1714 622 1751 exanimum
652 1724 734 1749 sese
763 1711 921 1760 proiecit
950 1711 1117 1747 amicum

129 1775 342 1819 confossus,
371 1772 596 1822 placidaque
625 1771 675 1808 ibi
704 1770 860 1807 demum
889 1776 1012 1806 morte
1042 1768 1195 1817 quievit.

183 1833 379 1872 Fortunati
407 1832 548 1869 ambol
588 1830 618 1868 si
647 1829 739 1879 quid
767 1841 853 1866 mea
882 1828 1050 1865 carmina
1078 1831 1249 1875 possunt,

130 1894 232 1932 nulla
261 1893 341 1930 dies
369 1901 553 1939 umquam
581 1889 741 1926 memori
770 1900 838 1925 vos
867 1888 1007 1924 eximet
1037 1897 1142 1929 aem,

132 1953 223 1991 dum
252 1951 391 1989 domus
420 1950 577 1986 Aeneae
607 1946 771 1996 Capitoli
800 1945 994 1982 immobile
1024 1956 1159 1982 saxum

132 2011 278 2050 accolet
307 2009 585 2058 imperiumque
614 2014 721 2056 pater
751 2005 948 2042 Romanus
977 2003 1140 2041 habebit.

184 2070 359 2107 Victores
387 2067 530 2116 praeda
559 2065 688 2102 Rutuli
719 2064 925 2113 spoliisque
953 2063 1063 2112 potiti

132 2129 360 2167 Volcentem
389 2126 608 2163 exanimum
639 2124 772 2161 flentes
801 2123 839 2160 in
869 2129 989 2160 castra
1018 2121 1198 2159 ferebant.

133 2188 217 2226 Nec
246 2187 371 2223 minor
398 2185 437 2221 in
465 2184 598 2221 castris
626 2183 747 2219 luctus
777 2181 992 2219 Rhamnete
1020 2188 1169 2229 reperto

134 2246 317 2294 exsangui
345 2250 381 2281 et
408 2243 540 2293 primis
568 2254 644 2279 una
672 2247 728 2278 tot
757 2240 872 2278 caede
901 2239 1118 2288 peremptis,

136 2307 374 2354 Serranoque
403 2303 619 2350 Numaque.
677 2301 822 2349 Ingens
852 2310 1060 2337 concursus
1089 2298 1139 2335 ad
1168 2298 1252 2347 ipsa

135 2377 296 2414 corpora
324 2363 612 2410 seminecesque
641 2361 739 2397 viros
768 2359 970 2409 tepidaque
999 2365 1191 2395 recentem

136 2425 253 2464 caede
282 2423 409 2460 locum
437 2427 475 2459 et
502 2420 636 2470 plenos
666 2419 858 2470 spumanti
887 2417 1073 2466 sanguine
1102 2417 1211 2454 rivos.

1432 301 1496 331 420

1436 597 1496 629 425

1436 892 1501 923 430

1439 1187 1501 1218 435

1442 1484 1505 1515 440

1444 1779 1505 1811 445

1445 2075 1509 2106 450
