1669 2737
570 89 737 124 LIBER
772 88 835 124 VI.
870 83 1053 136 69-146.
1429 95 1443 121 1
1455 82 1507 134 89

123 196 176 235 ire
205 197 255 235 ad
283 204 534 248 conspectum
563 198 639 236 cari
667 196 851 246 genitoris
881 202 917 233 et
946 207 1013 233 ora

123 257 345 305 contingat;
385 257 525 295 doceas
554 257 623 294 iter
650 264 688 294 et
716 268 823 293 sacra
851 255 950 293 ostia
978 255 1137 304 pandas.

123 315 237 352 Illum
265 328 339 365 ego
368 328 437 366 per
465 316 640 353 flammas
670 322 707 353 et
735 315 837 352 mille
867 314 1065 363 sequentia
1093 313 1168 351 tela
1448 329 1508 350 110

122 375 241 424 eripui
268 375 327 413 his
354 376 493 413 umeris
521 376 725 425 medioque
754 387 802 412 ex
832 374 941 411 hoste
969 374 1095 422 recepi
1110 387 1119 419 ;

121 433 182 471 ille
210 446 341 472 meum
371 436 572 472 comitatus
601 435 669 472 iter
697 434 816 471 maria
844 433 975 470 omnia
1003 444 1156 469 mecum

122 498 236 542 atque
264 505 401 531 omnes
428 494 633 543 pelagique
661 494 785 530 minas
813 493 983 541 caelique
1013 491 1168 537 ferebat,

121 552 318 598 invalidus,
347 553 444 590 vires
474 553 570 590 ultra
598 560 816 601 sortemque
845 558 1035 589 senectae.

122 609 238 657 Quin,
267 617 309 648 ut
336 618 373 649 te
401 612 562 661 supplex
592 619 761 661 peterem
790 617 827 648 et
855 617 921 647 tua
949 610 1080 647 limina
1110 609 1266 654 adirem,
1448 626 1504 655 115

120 669 223 707 idem
251 682 367 708 orans
394 671 576 708 mandata
605 672 728 708 dabat.
788 669 955 718 Natique
984 669 1190 718 patrisque,

121 729 231 774 alma,
261 741 406 778 precor,
436 731 612 767 miserere
629 743 638 776 ;
682 736 794 779 potes
824 740 992 778 namque
1022 729 1165 773 omnia,
1196 740 1266 764 nec
1298 735 1333 764 te

120 788 356 837 nequiquam
383 789 477 826 lucis
507 789 657 827 Hecate
686 789 869 838 praefecit
900 787 1072 823 Avernis.

121 845 159 883 Si
189 847 312 896 potuit
340 859 474 886 manes
502 860 694 886 arcessere
724 847 899 895 coniugis
929 846 1109 895 Orpheus

120 906 298 945 Threicia
325 907 442 946 fretus
471 908 613 946 cithara
642 908 857 956 fidibusque
887 906 1050 951 canoris,
1448 923 1505 943 120

120 966 151 1003 si
179 965 331 1004 fratrem
359 966 494 1005 Pollux
523 967 667 1005 alterna
696 973 820 1004 morte
850 966 1011 1003 redemit

119 1026 223 1075 itque
253 1027 426 1077 reditque
453 1028 553 1064 viam
581 1027 721 1064 totiens
752 1025 860 1076 (quid
890 1025 1045 1062 Thesea
1073 1037 1271 1073 magnum,

118 1085 211 1134 quid
238 1098 451 1124 memorem
480 1084 784 1136 Alciden?)—et
814 1085 865 1121 mi
893 1097 1015 1133 genus
1046 1085 1094 1122 ab
1124 1084 1216 1122 Iove
1247 1083 1488 1122 summoss’N

172 1145 331 1184 Talibus
360 1147 494 1184 orabat
522 1146 632 1183 dictis
661 1157 822 1194 arasque
852 1146 1018 1190 tenebat,

118 1216 206 1242 cum
236 1205 289 1243 sic
319 1217 406 1242 orsa
434 1205 539 1255 loqui
567 1212 694 1242 vates:
737 1208 745 1223 ‘
764 1205 852 1242 Sate
882 1205 1067 1253 sanguine
1098 1203 1237 1249 divum,
1446 1220 1500 1250 125

118 1263 220 1301 Tros
249 1264 491 1309 Anchisiade,
521 1264 638 1301 facilis
667 1264 875 1301 descensus
905 1263 1083 1309 Averno;

117 1330 250 1361 noctes
279 1330 393 1372 atque
422 1324 502 1361 dies
530 1330 634 1372 patet
663 1323 731 1360 atri
761 1323 874 1360 ianua
902 1322 1023 1367 Ditis;

117 1383 184 1420 sed
213 1395 389 1421 revocare
417 1382 579 1432 gradum
608 1394 843 1431 superasque
873 1382 1032 1419 evadere
1062 1381 1110 1418 ad
1140 1393 1261 1426 auras,

116 1442 190 1479 hoc
219 1454 328 1492 opus,
357 1442 419 1479 hic
448 1442 553 1479 labor
582 1448 650 1479 est.
707 1441 835 1487 Pauci,
866 1452 965 1490 quos
993 1453 1138 1490 aequus
1168 1442 1309 1477 amavit

115 1501 286 1551 Iuppiter
314 1508 378 1539 aut
406 1501 544 1538 ardens
573 1500 695 1538 evexit
724 1499 773 1537 ad
800 1500 954 1537 aethera
984 1501 1111 1545 virtus,
1442 1516 1502 1546 130

116 1561 174 1598 dis
201 1561 319 1610 geniti
348 1566 539 1610 potuere.v
575 1559 729 1597 Tenent
757 1559 885 1596 media
913 1560 1045 1596 omnia
1075 1559 1202 1603 silvae,

115 1620 360 1669 Cocytusque
389 1620 475 1656 sinu
504 1617 636 1656 labens
665 1618 911 1655 circumvenit
942 1624 1035 1655 atro.

115 1678 234 1726 Quod
262 1679 293 1716 si
322 1685 447 1716 tantus
476 1690 586 1715 amor
614 1678 744 1722 menti,
775 1677 805 1714 si
834 1684 938 1714 tanta
968 1676 1109 1726 cupido

114 1739 173 1776 bis
204 1737 355 1788 Stygios
384 1738 516 1775 innare
544 1737 662 1782 lacus,
692 1737 750 1774 bis
779 1736 889 1785 nigra
917 1737 1043 1774 videre

115 1796 286 1843 Tartara,
315 1803 353 1834 et
381 1796 517 1834 insano
545 1796 647 1833 iuvat
675 1795 871 1845 indulgere
900 1795 1030 1841 labori,
1442 1812 1498 1842 135

114 1857 245 1907 accipe
274 1869 371 1907 quae
400 1855 619 1906 peragenda
646 1855 758 1905 prius.
816 1854 927 1892 Latet
955 1856 1090 1892 arbore
1119 1866 1243 1904 opaca

114 1928 250 1954 aureus
278 1922 315 1953 et
344 1915 443 1953 foliis
473 1922 509 1952 et
537 1915 640 1952 lento
669 1914 809 1951 vimine
838 1925 977 1959 ramus,

113 1974 254 2013 Iunoni
281 1974 451 2012 infernae
479 1974 601 2011 dictus
630 1985 737 2010 sacer
753 1986 764 2019 ;
802 1971 906 2010 hunc
934 1973 1027 2021 tegit
1056 1973 1183 2009 omnis

112 2033 221 2072 lucus
250 2040 286 2072 et
313 2034 484 2072 obscuris
514 2032 694 2071 claudunt
723 2032 955 2069 convallibus
985 2031 1155 2069 umbrae.
1209 2064 1214 2069 .

114 2093 192 2131 Sed
220 2105 300 2131 non
328 2100 415 2130 ante
444 2093 554 2130 datur
581 2092 720 2129 telluris
749 2098 882 2140 operta
911 2091 1048 2135 subire,
1439 2108 1497 2138 140

113 2152 331 2190 auricomos
360 2164 476 2202 quam
505 2152 588 2201 quis
618 2150 846 2199 decerpserit
874 2150 1008 2187 arbore
1038 2149 1147 2187 fetus.

113 2211 205 2250 Hoc
234 2212 305 2249 sibi
333 2211 491 2261 pulchra
519 2222 630 2248 suum
658 2210 745 2247 ferri
774 2209 1005 2258 Proserpina
1033 2221 1174 2246 munus

112 2271 291 2310 instituit:
331 2270 454 2320 primo
483 2270 613 2308 avulso
641 2281 722 2306 non
751 2268 879 2306 deficit
907 2268 999 2305 alter

111 2343 258 2377 aureus,
288 2336 326 2368 et
353 2329 464 2368 simili
492 2329 700 2367 frondescit
727 2329 831 2377 virga
859 2327 1025 2365 metallo.

110 2390 217 2440 Ergo
246 2390 318 2428 alte
346 2390 490 2438 vestiga
517 2389 638 2427 oculis
668 2394 705 2425 et
732 2387 800 2425 rite
828 2394 1021 2436 repertum
1435 2403 1491 2434 145

112 2463 225 2501 carpe
254 2460 380 2488 manu.
437 2448 616 2498 Namque
645 2447 726 2496 ipse
755 2446 886 2484 volens
916 2446 1111 2496 facilisque
1140 2453 1332 2496 sequetur,
