1669 2737
131 87 208 115 100
708 77 745 112 A
750 77 933 114 ENEIS.

128 200 226 237 quae
255 199 317 225 me
347 198 511 237 cumque
539 191 678 224 vocant
706 186 850 224 terrae.’
908 185 970 224 Sic
999 185 1097 223 fatus
1126 185 1293 222 amicum

128 247 275 284 Ilionea
302 247 397 295 petit
427 247 571 292 dextra,
601 247 785 295 laevaque
817 245 1021 290 Serestum,

128 313 217 355 post
245 306 352 350 alios,
382 305 596 354 fortemque
626 305 740 354 Gyan
769 305 985 354 fortemque
1015 303 1261 342 Cloanthum.

183 364 392 414 Obstupuit
419 365 545 413 primo
574 371 732 413 aspectu
764 364 923 401 Sidonia
952 363 1068 408 Dido,

128 437 221 462 casu
251 425 389 462 deinde
418 424 484 460 viri
514 430 633 469 tanto,
664 430 700 461 et
730 424 783 461 sic
813 435 877 460 ore
906 423 1034 461 locuta
1063 430 1142 460 est:

130 484 250 530 ‘Quis
279 491 326 529 te,
356 490 444 521 nate
473 483 555 527 dea,
585 495 653 532 per
681 489 786 520 tanta
813 483 982 531 pericula
1011 494 1122 519 casus

128 543 363 592 insequitur?
400 554 499 591 quae
527 542 581 579 vis
610 542 842 579 immanibus
872 542 1037 591 applicat
1066 542 1168 579 oris?

130 603 245 640 Tune
273 603 333 639 ille
363 602 527 646 Aeneas,
559 614 674 650 quem
705 601 900 638 Dardanio
929 601 1124 638 Anchisae

129 662 229 699 alma
258 661 392 698 Venus
422 661 574 710 Phrygii
603 661 736 709 genuit
766 660 971 697 Simoentis
1001 659 1050 696 ad
1078 659 1248 697 undam?

129 729 243 770 atque
272 720 452 769 equidem
481 720 678 757 Teucrum
707 719 865 757 memini
895 718 1040 756 Sidona
1068 719 1195 755 venire

130 781 269 818 finibus
298 780 500 829 expulsum
529 780 670 828 patriis,
701 791 802 816 nova
830 790 949 827 regna
978 783 1174 827 petentem

130 840 272 877 auxilio
301 839 405 885 Beli;
444 839 594 888 genitor
623 845 704 876 tum
733 838 848 876 Belus
876 838 1049 887 opimam

129 900 301 937 vastabat
329 897 502 947 Cyprum
531 905 568 935 et
597 898 716 935 victor
745 897 894 935 dicione
924 897 1089 934 tenebat.

131 959 328 1007 Tempore
357 958 432 994 iam
462 970 509 994 ex
539 957 602 994 illo
631 969 741 995 casus
770 957 862 993 mihi
892 956 1067 1004 cognitus
1095 955 1197 992 urbis

131 1016 325 1055 Troianae
354 1029 576 1066 nomenque
605 1024 713 1054 tuum
742 1028 928 1065 regesque
959 1015 1120 1063 Pelasgi.

131 1075 221 1127 Ipse
249 1076 370 1113 hostis
399 1075 575 1113 Teucros
604 1076 744 1124 insigni
772 1075 883 1112 laude
912 1074 1067 1119 ferebat,

132 1151 249 1188 seque
278 1145 405 1176 ortum
434 1138 589 1186 antiqua
618 1137 860 1174 Teucrorum
889 1149 912 1173 a
941 1136 1056 1184 stirpe
1085 1133 1247 1172 volebat.

134 1199 264 1246 Quare
294 1198 394 1246 agite
423 1209 447 1234 o
476 1198 596 1242 tectis,
626 1197 790 1242 iuvenes,
822 1195 1016 1233 succedite
1045 1194 1193 1232 nostris.

133 1259 202 1296 Me
231 1270 385 1307 quoque
414 1269 483 1306 per
511 1256 653 1294 multos
683 1256 814 1293 similis
845 1255 996 1292 fortuna
1023 1254 1174 1291 labores

135 1320 311 1356 iactatam
340 1317 412 1354 hac
442 1316 599 1353 demum
629 1316 746 1353 voluit
775 1316 982 1352 consistere
1011 1320 1133 1350 terra:

135 1390 215 1415 non
245 1378 376 1426 ignara
404 1376 493 1413 mali
523 1376 669 1413 miseris
699 1387 917 1413 succurrere
947 1373 1078 1411 diseo.'

137 1438 199 1475 Sic
229 1442 437 1482 memorat;
478 1435 589 1473 simul
618 1435 779 1472 Aenean
807 1435 847 1471 in
874 1433 979 1482 regia
1007 1433 1110 1470 ducit

136 1504 247 1537 tecta,
280 1495 391 1533 simul
421 1495 552 1532 divum
580 1494 730 1543 templis
759 1494 891 1531 indicit
920 1493 1119 1530 honorem.

137 1556 222 1594 Nec
250 1555 378 1592 minus
405 1554 547 1591 interea
576 1555 689 1591 sociis
717 1553 766 1590 ad
796 1553 903 1590 litora
932 1552 1044 1589 mittit

137 1616 269 1665 viginti
297 1621 439 1660 tauros,
469 1626 699 1663 magnorum
728 1613 921 1650 horrentia
950 1617 1106 1649 centum

138 1684 245 1725 terga
274 1687 397 1720 suum,
426 1674 589 1722 pingues
618 1680 773 1710 centurn
802 1683 892 1710 cum
919 1670 1102 1708 matribus
1131 1680 1268 1718 agnos,

137 1747 297 1773 munera
324 1733 580 1781 laetitiamque
610 1732 681 1770 dei.

139 1797 191 1833 At
220 1796 359 1833 domus
388 1793 542 1830 interior
569 1792 685 1841 regali
714 1790 913 1841 splendida
941 1791 1033 1828 luxu

138 1856 339 1899 instruitur,
370 1852 582 1901 mediisque
610 1858 746 1901 parant
775 1851 947 1888 convivia
976 1849 1108 1887 tectis:

140 1920 219 1951 arte
246 1913 440 1950 laboratae
468 1918 592 1949 vestes
620 1916 802 1959 ostroque
831 1910 1008 1959 superbo,

140 1974 277 2022 ingens
305 1978 506 2021 argentum
534 1971 689 2016 mensis,
719 1970 940 2018 caelataque
968 1969 1007 2005 in
1036 1978 1129 2005 auro

141 2032 252 2070 fortia
280 2031 379 2069 facta
407 2037 569 2080 patrum,
600 2030 715 2067 series
743 2029 969 2078 longissima
997 2039 1123 2064 rerum

141 2104 209 2142 per
237 2097 293 2127 tot
322 2090 435 2127 ducta
463 2090 563 2127 viros
591 2089 747 2138 antiqua
775 2089 823 2125 ab
851 2087 996 2136 origine
1025 2085 1162 2135 gentis.

197 2151 351 2188 Aeneas
380 2148 522 2199 (neque
551 2149 654 2186 enirn
682 2148 824 2198 patrius
854 2147 1063 2184 consistere
1091 2149 1261 2181 mentem

143 2221 279 2260 passus
308 2206 432 2258 amor)
462 2208 637 2257 rapidum
666 2208 715 2245 ad
744 2218 860 2245 naves
888 2203 1094 2256 praemittit
1122 2202 1299 2240 Achaten

144 2269 315 2308 Ascanio
345 2267 437 2305 ferat
466 2267 560 2305 haec
589 2267 792 2316 ipsumque
821 2266 871 2304 ad
899 2264 1052 2302 moenia
1081 2262 1217 2309 dueat;

145 2330 271 2368 omnis
299 2328 337 2365 in
365 2328 535 2365 Ascanio
564 2327 638 2365 cari
667 2334 741 2365 stat
769 2338 861 2365 cura
888 2324 1067 2375 parentis.

145 2389 310 2427 Munera
337 2393 532 2436 praeterea
559 2386 686 2424 Iliacis
715 2392 846 2435 erepta
873 2384 990 2423 ruinis

147 2449 243 2487 ferre
271 2447 385 2493 iubet,
414 2446 554 2497 pallam
584 2446 702 2496 signis
730 2457 901 2496 auroque
928 2444 1115 2494 rigentem

1454 187 1519 221 610

1457 482 1519 524 615

1460 780 1525 813 620

1463 1076 1524 1117 625

1467 1375 1530 1417 630

1470 1970 1534 2010 640
