1669 2737
563 88 732 122 LIBER
762 89 831 125 JV.
869 96 883 124 1
895 83 1076 139 855262.

126 208 318 246 quemque
348 197 418 234 sibi
447 204 581 235 tenues
608 205 834 235 nascentem
863 211 1052 235 arcessere
1082 199 1200 237 vitas:

125 256 268 293 scilicet
295 256 370 294 huc
398 256 505 293 reddi
535 257 673 295 deinde
703 271 747 295 ac
777 258 943 295 resoluta
972 257 1098 295 referri

125 316 266 360 omnia,
296 328 367 352 nec
397 316 509 353 morti
539 328 623 353 esse
652 316 791 362 locum,
823 317 891 354 sed
919 317 1002 353 viva
1030 317 1156 354 volare

125 374 256 412 sideris
286 375 325 412 in
354 388 557 413 numerum
587 384 700 425 atque
730 377 805 414 alto
837 376 1039 414 succedere
1071 378 1190 414 caelo.

179 433 217 470 Si
247 435 403 483 quando
433 435 563 472 sedem
593 444 795 484 augustam
826 444 1048 485 servataque
1078 437 1190 473 mella

123 492 289 530 thesauri
317 494 466 540 relines,
497 495 600 544 prius
629 495 766 532 haustu
797 507 950 543 sparsus
981 507 1165 544 aquarum

123 564 189 589 ore
219 552 315 598 fove,
345 553 550 603 fumosque
579 566 696 590 manu
727 554 933 603 praetende
965 567 1159 603 sequaces.

123 611 188 649 Bis
217 613 396 661 gravidos
425 620 570 661 cogunt
599 613 707 658 fetus,
739 614 815 650 duo
846 621 1019 662 tempora
1047 615 1210 650 messis:

123 670 298 721 Taygete
329 672 441 709 simul
471 685 515 710 os
544 674 650 710 terris
682 673 847 710 ostendit
876 673 1081 710 honestum

121 730 232 768 Pleas
262 739 299 769 et
329 731 475 770 Oceani
506 739 654 781 spretos
684 732 782 782 pede
813 733 976 781 reppulit
1005 745 1152 779 amneS,

121 797 186 827 aut
215 791 352 828 eadem
383 792 486 829 sidus
515 792 667 840 fugiens
697 793 761 829 ubi
792 792 912 829 Piscis
942 793 1077 841 aquosi

121 850 260 887 tristior
287 850 468 888 hibernas
498 851 605 888 caelo
635 851 832 888 descendit
861 852 900 888 in
929 852 1063 888 undas.

121 909 199 946 Illis
229 910 283 948 ira
311 911 471 948 modum
501 923 614 960 supra
643 917 711 956 est,
742 911 943 960 laesaeque
973 924 1161 948 venenum

121 970 314 1007 morsibus
343 970 539 1019 inspirant,
571 979 607 1008 et
637 970 783 1018 spicula
813 982 928 1008 caeca
957 971 1174 1020 relinquunt

122 1029 257 1067 affixae
285 1030 402 1074 venis,
432 1030 657 1078 animasque
687 1030 726 1066 in
756 1030 908 1067 vulnere
937 1038 1096 1079 ponunt.

123 1088 190 1125 Sin
219 1089 353 1127 duram
382 1096 530 1126 metues
559 1088 725 1126 hiemem
755 1100 967 1138 parcesque
996 1089 1123 1126 futuro

123 1155 384 1198 contusosque
413 1149 563 1185 animos
593 1155 630 1185 et
658 1160 717 1185 res
747 1150 974 1186 miserabere
1004 1149 1150 1194 fractas,

121 1215 159 1245 at
188 1208 312 1246 suffire
341 1208 474 1257 thymo
503 1219 686 1256 cerasque
715 1208 883 1244 recidere
914 1209 1046 1245 inanes

121 1268 206 1317 quis
237 1267 407 1305 dubitet?
456 1266 560 1304 Nam
590 1279 705 1315 saepe
734 1266 840 1304 savos
871 1267 1025 1316 ignotus
1058 1267 1188 1304 adedit

122 1327 230 1364 stelio
261 1334 298 1364 et
326 1326 502 1376 lucifugis
531 1334 716 1374 congesta
746 1327 885 1363 cubilia
913 1327 1040 1364 blattis

121 1387 378 1436 immunisque
408 1387 545 1424 sedens
575 1386 698 1424 aliena
726 1387 775 1424 ad
804 1387 944 1435 pabula
972 1387 1101 1433 fucus3

121 1454 186 1484 aut
215 1459 327 1495 asper
356 1447 491 1484 crabro
522 1446 732 1494 imparibus
762 1458 802 1482 se
832 1441 1037 1483 immiscuit
1067 1446 1192 1492 armis,

121 1513 186 1544 aut
215 1506 337 1543 dirum
368 1505 481 1542 tiniae
510 1517 645 1554 genus,
677 1512 741 1541 aut
770 1505 890 1543 invisa
919 1505 1115 1543 Minervae

121 1565 228 1603 laxos
257 1565 297 1602 in
325 1565 468 1602 foribus
498 1564 698 1613 suspendit
726 1576 865 1601 aranea
894 1577 1033 1602 casses.

122 1625 213 1671 Quo
242 1625 366 1673 magis
394 1624 603 1661 exhaustae
632 1623 780 1669 fuerint,
811 1624 884 1661 hoc
914 1625 1036 1662 acrius
1066 1636 1204 1662 omnes

122 1684 347 1721 incumbent
376 1684 526 1732 generis
554 1683 650 1732 lapsi
680 1683 817 1720 sarcire
846 1684 986 1729 ruinas,

122 1742 445 1791 complebuntque
475 1742 580 1780 foros
609 1748 646 1779 et
675 1741 832 1779 floribus
861 1742 1001 1780 horrea
1030 1750 1171 1780 texent.

177 1802 217 1840 Si
246 1814 348 1849 vero,
378 1803 562 1852 quoniam
592 1814 704 1839 casus
734 1803 868 1850 apibus
899 1814 1054 1851 quoque
1084 1814 1239 1841 nostros

121 1862 196 1899 vita
225 1861 318 1906 tulit,
348 1862 441 1899 tristi
470 1862 707 1910 languebunt
738 1873 902 1910 corpora
930 1863 1125 1899 morbo—-

123 1920 228 1970 quod
255 1921 332 1958 iam
361 1932 441 1958 non
471 1921 594 1958 dubiis
623 1921 764 1969 poteris
795 1932 1032 1969 cognoscere
1063 1922 1208 1969 signis:

122 1981 307 2017 continuo
336 1986 394 2017 est
422 1981 547 2029 aegris
576 1980 670 2017 alius
700 1980 829 2026 color;
870 1980 1023 2017 horrida
1053 1981 1199 2017 vultum

123 2039 311 2076 deformat
339 2040 505 2085 macies;
544 2046 627 2077 tum
656 2051 820 2088 corpora
849 2040 934 2077 luce
964 2047 1163 2076 carentum

123 2105 327 2147 exportant
354 2099 465 2136 tectis
494 2105 532 2135 et
560 2099 681 2136 tristia
709 2099 844 2135 funera
874 2099 1039 2145 ducunt;

122 2166 187 2195 aut
215 2158 299 2194 illae
328 2157 491 2207 pedibus
521 2169 693 2195 conexae
723 2157 772 2194 ad
800 2158 932 2194 limina
960 2159 1140 2206 pendent,

123 2224 186 2253 aut
214 2217 314 2253 intus
343 2216 479 2254 clausis
509 2223 737 2254 cunctantur
765 2218 804 2253 in
834 2217 1002 2262 aedibus,
1033 2230 1169 2256 omnes

122 2277 358 2325 ignavaeque
388 2275 489 2313 fame
520 2283 556 2313 et
586 2283 785 2314 contracto
815 2275 956 2324 frigore
987 2277 1147 2325 pigrae3

123 2341 204 2371 turn
234 2346 352 2372 sonus
382 2335 533 2372 auditur
560 2336 720 2384 gravior,
751 2336 977 2384 tractimque
1008 2345 1214 2383 susurrant,

124 2392 279 2442 frigidus
308 2401 348 2430 ut
376 2394 574 2442 quondam
604 2394 704 2431 silvis
733 2395 997 2431 immurmurat
1029 2396 1177 2441 Auster,

124 2459 165 2489 ut
192 2464 296 2490 mare
326 2452 527 2490 sollicitum
557 2453 678 2491 stridit
707 2453 954 2491 refluentibus
984 2454 1107 2500 undis,

1455 1164 1516 1192 240

1455 1461 1513 1492 245

1458 2343 1519 2375 260
