1669 2737
141 73 155 100 1
168 59 221 112 84
711 66 938 104 AENEJS.

138 186 387 224 congressum
419 174 580 212 Aenean
610 186 681 213 nec
710 174 769 212 dis
799 187 870 213 nee
900 176 1039 213 viribus
1069 176 1201 226 aequis

138 235 239 271 nube
269 247 361 271 cava
389 235 510 283 rapui,
541 247 719 283 cuperem
749 246 836 272 cum
865 242 1007 272 vertere
1037 236 1086 272 ab
1115 237 1194 273 imo

138 300 279 330 structa
307 294 401 330 meis
431 294 607 330 manibus
636 294 808 342 periurae
837 295 992 331 moenia
1022 294 1173 332 Troiae.

139 353 253 390 Nunc
283 365 436 401 quoque
467 365 577 390 mens
606 353 742 390 eadem
772 360 916 402 perstat
945 353 1048 399 mihi,
1079 353 1177 402 pelle
1207 355 1372 392 timores.

138 411 264 449 Tutus
293 424 392 460 quos
422 418 534 461 optas
563 419 695 461 portus
723 412 880 450 accedet
907 413 1062 450 Averni.

137 470 247 508 Unus
276 472 344 508 erit
372 478 530 516 tantum,
561 471 745 508 amissum
773 483 889 520 quem
917 472 1066 521 gurgite
1096 479 1277 521 quaeret;

137 543 256 567 unum
287 542 356 579 pro
386 530 513 566 multis
543 530 692 566 dabitur
721 528 857 579 caput.’

137 589 212 627 His
240 590 304 626 ubi
333 589 430 626 laeta
459 589 552 626 deae
580 588 777 638 permulsit
805 595 963 638 pectora
992 589 1115 635 dietis,

136 649 258 697 iungit
287 660 408 696 equos
437 660 530 685 auro
559 648 709 697 genitor
739 649 1030 698 spumantiaque
1059 649 1163 686 addit

136 709 243 745 frena
273 707 360 744 seris
389 708 645 756 manibusque
675 720 811 745 omnes
842 707 1002 744 effundit
1031 707 1213 746 habenas.

137 767 322 805 Caeruleo
352 779 419 816 per
448 779 597 804 summa
626 767 716 804 levis
745 767 846 804 volat
876 779 1044 816 aequora
1073 780 1205 814 curru;

137 828 337 864 subsidunt
366 827 502 871 undae,
534 827 800 875 tumidumque
830 827 901 864 sub
931 839 1002 863 axe
1032 827 1179 864 tonanti

137 886 311 923 sternitur
340 898 483 935 aequor
511 887 629 934 aquis,
662 885 812 934 fugiunt
840 892 948 923 vasto
978 885 1128 922 aethere
1158 886 1288 923 nimbi.

137 945 241 982 Tum
269 944 395 981 variae
426 946 611 982 comitum
641 945 768 990 facies,
799 945 983 982 immania
1013 952 1106 990 cete,

136 1012 172 1041 et
201 1005 328 1041 senior
359 1004 493 1041 Glauci
523 1004 662 1042 chorus
691 1004 888 1053 Inousque
919 1004 1127 1041 Palaemon

137 1065 395 1113 Tritonesque
425 1063 490 1101 citi
518 1065 733 1114 Phorcique
763 1065 949 1101 exercitus
979 1065 1133 1110 omnis3

135 1125 240 1161 laeva
269 1130 398 1160 tenent
429 1123 563 1161 Thetis
594 1131 630 1161 et
661 1124 792 1160 Melite
823 1124 1081 1172 Panopeaque
1111 1123 1229 1171 virgo,

136 1184 288 1221 Nesaee
320 1183 488 1232 Spioque
518 1183 731 1232 Thaliaque
762 1183 1074 1232 Cymodoceque.

191 1243 267 1280 Hie
297 1243 413 1291 patris
443 1243 598 1280 Aeneae
629 1254 856 1291 suspensam
887 1241 1029 1278 blanda
1057 1242 1224 1279 vicissim

137 1303 278 1352 gaudia
306 1308 560 1351 pertemptant
588 1310 784 1339 mentem:
824 1302 928 1338 iubet
958 1301 1065 1338 ocius
1095 1313 1231 1338 omnes

138 1362 254 1399 attolli
284 1361 419 1406 malos,
450 1361 595 1399 intendi
620 1361 799 1398 bracchia
827 1361 929 1398 velis.

138 1420 226 1458 Una
255 1433 391 1458 omnes
421 1420 543 1457 fecere
574 1420 714 1469 pedem
742 1420 957 1469 pariterque
988 1420 1170 1466 sinistros,

138 1493 240 1519 nunc
270 1480 423 1517 dextros
452 1480 596 1517 solvere
627 1480 744 1524 sinus,
774 1492 851 1516 una
879 1479 996 1516 ardua
1026 1485 1204 1528 torquent

139 1552 282 1578 cornua
311 1539 627 1588 detorquentque,
658 1538 781 1576 ferunt
811 1551 878 1576 sua
909 1538 1064 1575 flamina
1093 1539 1266 1575 classem.

139 1599 322 1648 Princeps
352 1605 439 1635 ante
469 1610 607 1635 omnes
637 1598 799 1635 densum
830 1598 1030 1635 Palinurus
1060 1598 1199 1646 agebat

139 1670 303 1707 agmen;
343 1657 392 1694 ad
421 1657 524 1694 hunc
554 1657 615 1693 alii
645 1669 797 1694 cursum
827 1657 1061 1694 contendere
1089 1657 1190 1694 iussi.

140 1720 299 1766 Iamque
328 1716 405 1753 fere
434 1716 601 1753 mediam
631 1716 724 1753 caeli
755 1715 845 1753 Nox
875 1717 1007 1753 umida
1035 1723 1178 1753 metam

140 1778 363 1826 contigerat,
393 1776 543 1826 placida
570 1776 750 1814 laxabant
778 1777 950 1813 membra
980 1776 1105 1825 quiete

141 1839 211 1876 sub
240 1839 353 1875 remis
382 1837 455 1875 fusi
484 1849 552 1886 per
581 1837 674 1874 dura
704 1836 837 1874 sedilia
865 1845 1028 1873 nautae:

141 1910 228 1935 cum
257 1897 348 1934 levis
377 1896 553 1934 aetheriis
583 1895 762 1944 delapsus
792 1895 960 1933 Somnus
989 1896 1038 1932 ab
1067 1895 1176 1933 astris

141 1962 226 1995 aera
257 1957 415 1994 dimovit
443 1957 692 1994 tenebrosum
721 1962 759 1993 et
788 1955 941 2004 dispulit
970 1956 1138 2001 umbras,

140 2025 188 2062 te,
218 2017 404 2062 Palinure,
432 2022 579 2065 petens,
609 2015 675 2052 tibi
704 2015 854 2052 somnia
883 2015 1000 2051 tristia
1028 2021 1186 2063 portans

140 2077 308 2122 insonti3
348 2076 546 2125 puppique
575 2074 669 2111 deus
699 2074 872 2112 consedit
900 2073 939 2110 in
969 2074 1053 2119 alta,

141 2134 349 2172 Phorbanti
380 2135 521 2179 similis,
551 2133 752 2183 funditque
782 2133 850 2170 has
880 2145 946 2170 ore
976 2131 1172 2182 loquelas:

144 2194 292 2232 ‘Iaside
322 2194 511 2238 Palinure,
542 2193 666 2230 ferunt
695 2194 779 2242 ipsa
808 2204 977 2242 aequora
1006 2193 1192 2239 classem;

142 2260 327 2303 aequatae
357 2254 501 2302 spirant
529 2265 665 2299 aurae,
705 2252 815 2289 datur
843 2252 937 2289 hora
965 2251 1094 2300 quieti.

142 2314 249 2351 Pone
280 2321 394 2363 caput
423 2313 624 2362 fessosque
653 2312 786 2350 oculos
815 2311 939 2349 furare
968 2311 1099 2348 labori.

142 2372 230 2421 Ipse
260 2384 334 2422 ego
363 2373 557 2421 paulisper
585 2383 656 2420 pro
685 2378 721 2409 te
750 2377 814 2408 tua
841 2382 1000 2408 munera
1029 2368 1157 2407 inibo?

143 2432 214 2470 Cui
244 2433 305 2470 vix
335 2433 510 2470 attollens
539 2431 737 2469 Palinurus
766 2430 911 2468 lumina
939 2429 1061 2466 fatur:

1461 243 1525 273 310

1462 537 1521 567 81:

1464 833 1526 863 820

1464 1129 1525 1169 825

1467 2022 1531 2058 840
