1669 2737
122 84 204 126 204
701 84 927 121 AENEJS.

123 189 231 236 Quas
260 203 334 240 ego
363 197 399 229 te
428 198 546 230 terras
575 200 612 230 et
641 200 784 242 quanta
813 206 881 242 per
910 206 1078 243 aequora
1107 201 1257 231 vectum

122 251 280 298 accipio,
310 251 460 299 quantis
489 252 680 298 iactatum,
711 260 810 299 nate,
841 254 1016 302 periclis!

123 309 251 355 Quam
280 311 409 355 metui,
439 323 489 348 ne
517 312 609 360 quid
638 312 782 361 Libyae
811 314 877 350 tibi
908 325 1027 361 regna
1056 320 1238 350 nocerent
1257 311 1284 349 1¹

122 369 189 406 Ille
219 376 344 406 autem
375 371 486 408 ‘Tua
513 383 587 416 me,
618 372 779 420 genitor,
810 378 874 409 tua
903 373 1017 409 tristis
1047 373 1176 421 imago

123 429 275 477 saepius
304 441 509 467 occurrens
539 430 633 467 haec
662 431 794 467 limina
822 431 977 468 tendere
1006 431 1134 479 adegit
1149 444 1158 476 ;

123 494 223 525 stant
253 488 329 525 sale
359 488 560 536 Tyrrheno
591 489 740 526 classes.
799 489 861 526 Da
890 491 1048 539 iungere
1079 490 1266 535 dextram,

123 548 184 593 da,
213 548 373 596 genitor,
403 554 515 596 teque
545 549 725 596 amplexu
755 561 803 586 ne
833 550 1012 586 subtrahe
1042 548 1198 586 nostro?

126 607 187 644 Sic
215 619 434 645 memorans
461 607 567 656 largo
597 607 688 645 fletu
718 609 829 645 simul
859 620 927 646 ora
955 609 1114 657 rigabat.

124 666 203 704 Ter
232 674 392 704 conatus
421 667 471 703 ibi
502 667 602 704 collo
632 668 721 705 dare
751 668 929 705 bracchia
957 669 1111 711 circum,

124 734 180 763 ter
209 726 343 763 frustra
372 738 603 775 comprensa
631 739 769 764 manus
798 728 930 775 effugit
959 727 1088 776 imago

124 799 193 836 par
221 786 365 823 levibus
396 786 516 822 ventis
546 786 765 835 volucrique
796 786 986 823 simillima
1014 798 1163 824 somno.

179 846 328 883 Interea
357 844 457 881 videt
486 845 639 881 Aeneas
668 845 707 881 in
736 845 830 882 valle
858 845 1013 882 reducta

125 906 316 944 seclusum
345 915 481 941 nemus
510 910 548 940 et
575 903 734 953 virgulta
765 905 939 942 sonantia
969 905 1096 950 silvae,

125 965 413 1012 Lethaeumque
443 964 583 1001 domos
611 964 779 1012 placidas
809 964 874 1012 qui
902 971 1098 1012 praenatat
1129 976 1294 1001 amnem.

125 1025 242 1062 Hunc
272 1024 415 1061 circum
444 1023 665 1060 innumerae
696 1030 829 1071 gentes
858 1024 1067 1073 populique
1097 1024 1301 1069 volabant;

125 1097 169 1122 ac
197 1084 297 1121 velut
326 1084 364 1119 in
393 1083 509 1131 pratis
538 1083 604 1119 ubi
634 1095 727 1131 apes
757 1089 899 1119 aestate
930 1095 1064 1120 serena

124 1144 281 1181 floribus
311 1142 479 1179 insidunt
508 1142 616 1179 variis
645 1148 682 1178 et
711 1141 876 1178 candida
904 1141 1047 1179 circum

124 1204 198 1240 lilia
227 1202 445 1246 funduntur,
476 1202 606 1249 strepit
636 1202 763 1237 omnis
793 1213 985 1238 murmure
1016 1213 1188 1250 campus.

125 1263 325 1300 Horrescit
352 1263 433 1298 visu
463 1262 588 1299 subito
619 1273 831 1310 causasque
861 1262 1016 1310 requirit

124 1323 264 1360 inscius
294 1322 458 1366 Aeneas,
489 1333 587 1370 quae
617 1321 692 1357 sint
720 1332 765 1357 ea
795 1320 953 1357 flumina
982 1332 1108 1369 porro,

125 1383 235 1432 quive
265 1382 331 1418 viri
360 1387 466 1418 tanto
498 1380 725 1429 complerint
755 1380 908 1428 agmine
938 1381 1050 1428 ripas.

126 1443 230 1480 Tum
259 1448 364 1491 pater
394 1440 582 1477 Anchises
613 1440 812 1484 ‘Animae,
843 1440 980 1489 quibus
1010 1440 1125 1476 altera
1155 1440 1234 1477 fato

126 1515 289 1552 corpora
318 1501 513 1545 debentur,
544 1499 701 1537 Lethaei
731 1500 779 1536 ad
808 1499 975 1537 fluminis
1004 1499 1149 1537 undam

126 1574 280 1600 securos
310 1561 438 1598 latices
467 1566 504 1597 et
534 1559 651 1607 longa
681 1559 820 1596 oblivia
850 1566 996 1608 potant.

126 1622 212 1660 Has
240 1620 419 1669 equidem
449 1631 663 1656 memorare
692 1619 757 1655 tibi
787 1624 900 1667 atque
929 1619 1134 1656 ostendere
1164 1629 1295 1655 coram

125 1681 361 1730 iampridem,
392 1679 492 1715 hanc
516 1678 661 1727 prolem
691 1677 804 1726 cupio
835 1690 1058 1715 enumerare
1087 1688 1273 1720 meorum,

126 1753 203 1790 quo
233 1739 356 1787 magis
386 1738 495 1774 Italia
523 1749 675 1774 mecum
705 1737 842 1774 laetere
871 1736 1042 1787 reperta.'

128 1800 185 1837 ‘O
216 1806 333 1848 pater,
363 1809 464 1834 anne
494 1796 640 1845 aliquas
670 1796 718 1833 ad
748 1796 896 1833 caelum
926 1797 1013 1833 hinc
1043 1797 1096 1833 ire
1126 1794 1340 1845 putandum
1370 1800 1428 1832 est

127 1859 307 1896 sublimes
335 1856 484 1893 animas
514 1857 726 1904 iterumque
755 1855 804 1892 ad
832 1855 939 1892 tarda
968 1856 1099 1892 reverti

125 1917 314 1967 corpora?
353 1928 450 1964 quae
480 1915 572 1952 lucis
601 1915 747 1951 miseris
776 1921 855 1951 tam
884 1914 964 1951 dira
993 1911 1180 1962 cupido?'

127 1979 286 2016 ‘Dicam
314 1976 492 2026 equidem
521 1988 592 2013 nec
622 1981 658 2012 te
688 1987 928 2023 suspensum,
959 1982 1056 2019 nate,
1088 1972 1251 2011 tenebo.’

127 2038 292 2085 Suscipit
322 2035 521 2080 Anchises,
553 2041 667 2083 atque
696 2034 829 2071 ordine
860 2034 1009 2082 singula
1037 2033 1182 2081 pandit.
1204 2034 1264 2081 Ἀ.

181 2095 393 2144 ‘Principio
423 2094 571 2131 caelum
601 2106 646 2130 ac
676 2100 814 2129 terram
844 2104 1079 2141 camposque
1108 2092 1296 2140 liquentes

124 2158 392 2203 lucentemque
421 2155 581 2203 globum
611 2153 723 2190 lunae
752 2152 982 2200 Titaniaque
1011 2158 1110 2188 astra

125 2216 276 2265 spiritus
307 2214 406 2251 intus
436 2213 510 2257 alit,
542 2220 741 2262 totamque
770 2210 894 2248 infusa
922 2222 989 2259 per
1018 2217 1120 2246 artus

123 2287 234 2312 mens
263 2274 379 2321 agitat
407 2273 550 2309 molem
580 2279 616 2308 et
645 2282 788 2319 magno
819 2282 860 2307 se
889 2280 1048 2317 corpore
1077 2268 1222 2305 miscet.

124 2334 222 2371 Inde
251 2333 449 2370 hominum
478 2330 748 2379 pecudumque
779 2340 901 2377 genus
931 2328 1105 2375 vitaeque
1134 2327 1330 2364 volantum

124 2400 162 2430 et
191 2404 288 2442 quae
317 2403 533 2428 marmoreo
564 2390 632 2426 fert
661 2395 834 2426 monstra
864 2388 934 2424 sub
964 2398 1128 2435 aequore
1158 2392 1313 2435 pontus.

125 2452 268 2502 Igneus
297 2457 354 2488 est
383 2450 466 2488 ollis
496 2450 603 2498 vigor
631 2455 668 2486 et
698 2447 869 2486 caelestis
899 2446 1008 2495 origo

1451 680 1514 713 700

1450 974 1512 1009 705

1452 1270 1515 1306 710

1452 1569 1512 1604 715

1452 2163 1511 2196 725
