1669 2737
131 78 212 120 250
703 73 928 109 AENEJS.

132 180 299 229 Stuppea
328 180 482 217 flamma
511 193 626 218 manu
655 180 814 229 telisque
843 180 991 218 volatile
1020 179 1160 217 ferrum

129 239 329 287 spargitur,
359 252 446 276 arva
475 252 574 276 nova
604 239 798 288 Neptunia
827 239 943 276 caede
973 239 1187 275 rubescunt.

130 297 283 346 Regina
311 299 349 335 in
379 299 512 335 mediis
541 299 662 347 patrio
691 305 803 335 vocat
832 299 985 346 agmina
1014 298 1123 334 sistro

129 357 294 393 necdum
323 358 437 394 etiam
464 359 640 406 geminos
670 369 692 393 a
721 364 828 405 tergo
857 356 1009 405 respicit
1038 367 1196 403 angues.

130 416 469 465 Omnigenumque
499 417 613 454 deum
644 423 814 453 monstra
843 422 879 453 et
912 415 1066 452 latrator
1096 414 1245 451 Anubis

130 483 264 513 contra
293 475 517 524 Neptunum
545 482 581 512 et
610 475 802 512 Venerem
831 482 1041 522 contraque
1071 474 1287 509 Minervam

129 535 203 571 tela
231 542 371 571 tenent.
430 534 555 571 Saevit
583 534 710 570 medio
739 534 777 569 in
807 534 1013 570 certamine
1044 532 1200 569 Mavors

130 594 295 630 caelatus
324 593 420 630 ferro
449 594 648 642 tristesque
677 605 724 629 ex
754 592 905 629 aethere
934 591 1062 637 Dirae,

130 660 167 689 et
196 652 312 689 scissa
341 651 512 700 gaudens
541 652 642 688 vadit
670 650 872 688 Discordia
902 650 1013 699 palla,

130 723 246 760 quam
275 723 363 748 cum
392 712 605 759 sanguineo
635 711 804 759 sequitur
832 709 992 746 Bellona
1020 709 1181 758 flagello.

130 772 263 808 Actius
293 771 387 808 haec
416 783 578 808 cernens
607 782 737 808 arcum
765 769 986 806 intendebat
1015 768 1160 818 Apollo

131 830 316 880 desuper:
358 831 483 867 omnis
512 842 559 867 eo
589 836 729 866 terrore
759 829 957 878 Aegyptus
987 835 1023 864 et
1053 827 1152 871 Indi,

131 890 257 926 omnis
287 890 421 933 Arabs,
450 901 586 926 omnes
615 889 807 925 vertebant
837 895 942 935 terga
972 887 1118 923 Sabaei.

131 949 220 997 Ipsa
248 948 444 985 videbatur
473 949 592 984 ventis
622 948 752 996 regina
780 947 923 983 vocatis

131 1008 212 1044 vela
240 1007 329 1044 dare
359 1014 395 1043 et
422 1007 529 1044 laxos
559 1007 633 1043 iam
663 1007 814 1055 iamque
842 1005 1042 1042 immittere
1072 1004 1190 1041 funes.

131 1067 241 1103 Illam
269 1067 364 1103 inter
393 1066 529 1103 caedes
558 1065 763 1114 pallentem
793 1071 914 1100 morte
944 1063 1068 1100 futura

131 1126 271 1163 fecerat
299 1126 525 1174 Ignipotens
554 1125 666 1161 undis
696 1131 732 1160 et
762 1124 907 1172 Iapyge
937 1123 1034 1166 ferri,

131 1193 263 1222 contra
292 1192 418 1221 autem
446 1195 592 1231 magno
621 1190 854 1219 maerentem
883 1193 1043 1230 corpore
1073 1179 1206 1217 Nilum

131 1245 438 1293 pandentemque
468 1244 572 1281 sinus
601 1250 638 1279 et
667 1249 746 1279 tota
776 1250 878 1278 veste
908 1248 1111 1278 vocantem

131 1305 346 1341 caeruleum
375 1305 414 1340 in
442 1303 630 1351 gremium
659 1302 921 1350 latebrosaque
950 1299 1109 1336 flumina
1138 1299 1271 1336 victos.

130 1367 182 1401 At
210 1363 363 1406 Caesar,
393 1362 525 1411 triplici
554 1362 724 1398 invectus
754 1360 937 1397 Romana
965 1356 1161 1406 triumpho

130 1424 294 1468 moenia,
325 1423 382 1459 dis
412 1421 515 1458 Italis
544 1429 675 1458 votum
704 1419 917 1456 immortale
947 1418 1132 1461 sacrabat,

131 1483 299 1519 maxima
327 1488 537 1518 tercentum
567 1487 686 1517 totam
715 1479 873 1516 delubra
902 1490 969 1526 per
997 1477 1140 1513 urbem.

131 1541 292 1578 Laetitia
319 1541 492 1589 ludisque
522 1540 602 1576 viae
631 1539 842 1587 plausuque
873 1537 1086 1573 fremebant
1101 1548 1112 1581 3

132 1601 310 1638 omnibus
339 1601 377 1636 in
406 1598 556 1647 templis
586 1607 749 1635 matrum
780 1597 930 1640 chorus,
961 1595 1140 1632 omnibus
1170 1605 1256 1630 arae
1273 1605 1283 1640 ;

133 1667 220 1697 ante
249 1671 332 1696 aras
361 1666 499 1695 terram
529 1658 628 1695 caesi
658 1665 822 1694 stravere
850 1655 1008 1692 iuvenci.

133 1719 235 1767 Ipse,
265 1718 401 1755 sedens
430 1717 540 1754 niveo
571 1717 771 1754 candentis
801 1716 930 1752 limine
959 1713 1116 1757 Phoebi,

134 1778 237 1814 dona
265 1777 510 1826 recognoscit
539 1776 770 1825 populorum
799 1780 979 1823 aptatque
1009 1772 1182 1820 superbis

134 1838 327 1887 postibus;
368 1837 548 1873 incedunt
572 1836 689 1873 victae
718 1835 836 1881 longo
866 1833 998 1870 ordine
1027 1838 1173 1880 gentes,

134 1909 249 1945 quam
278 1896 401 1933 variae
429 1895 578 1944 linguis,
609 1894 739 1931 habitu
770 1901 848 1930 tam
876 1892 990 1929 vestis
1018 1898 1055 1927 et
1084 1891 1208 1926 armis.

135 1956 212 1992 Hic
243 1955 466 1992 Nomadum
495 1966 617 2003 genus
641 1961 678 1991 et
707 1953 911 1990 discinctos
940 1950 1128 1987 Mulciber
1158 1948 1285 1995 Afros,

134 2015 195 2052 hic
226 2014 387 2063 Lelegas
419 2014 612 2062 Carasque
642 2011 947 2061 sagittiferosque
979 2008 1151 2046 Gelonos

136 2074 317 2115 finxerat3
358 2073 572 2122 Euphrates
601 2074 677 2109 ibat
706 2073 781 2108 iam
810 2070 961 2107 mollior
989 2067 1112 2111 undis,

136 2134 371 2182 extremique
400 2133 599 2169 hominum
630 2131 771 2168 Morini
801 2129 1037 2175 Rhenusque
1066 2126 1232 2163 bicornis

136 2193 386 2240 indomitique
416 2192 549 2229 Dahae
579 2199 615 2229 et
643 2198 803 2239 pontem
833 2188 1052 2236 indignatus
1082 2186 1241 2222 Araxes.

137 2254 248 2291 Talia
277 2265 343 2301 per
371 2252 536 2301 clipeum
565 2250 739 2291 Vulcani.
771 2249 873 2286 dona
901 2246 1077 2296 parentis,

137 2313 292 2350 miratur
322 2323 522 2360 rerumque
552 2311 706 2358 ignarus
736 2307 901 2356 imagine
929 2304 1082 2354 gaudet,

140 2371 314 2410 attollens
343 2381 477 2408 umero
506 2369 724 2417 famamque
756 2373 793 2405 et
821 2366 897 2404 fata
927 2370 1122 2414 nepotum.

1450 544 1513 577 700

1454 837 1512 872 705

1454 1131 1515 1166 710

1454 1427 1514 1462 715

1459 2019 1516 2055 7²5
