1669 2737
148 75 171 114 8
701 80 986 116 BUCOLJCA.

147 189 314 239 frigidus,
345 202 368 227 0
398 189 514 238 pueri,
544 189 661 238 fugite
689 188 791 235 hinc,
820 188 911 226 latet
940 188 1075 237 anguis
1104 189 1143 225 in
1171 188 1300 225 herba.

198 248 260 285 M.
292 248 449 294 Parcite,
480 260 583 293 oves,
612 248 773 284 nimium
802 247 1036 296 procedere:
1075 259 1155 284 non
1183 247 1281 284 bene
1308 245 1412 296 ripae

146 308 330 353 creditur3
370 308 452 356 ipse
482 308 578 344 aries
608 307 723 344 etiam
752 319 856 344 nunc
884 307 1019 344 vellera
1048 307 1175 343 siccat.
1493 317 1533 351 95

198 366 251 404 D.
282 366 425 415 Tityre,
456 372 659 415 pascentes
689 378 711 402 a
740 365 898 402 flumine
927 366 1026 402 reice
1056 364 1246 413 capellas:

145 427 239 476 ipse,
267 425 332 462 ubi
361 432 512 473 tempus
541 424 618 469 erit,
651 436 787 461 omnes
817 424 857 460 in
886 423 992 460 fonte
1020 423 1167 461 lavabo.

198 484 260 521 M.
292 484 430 531 Cogite
459 495 563 529 oves,
592 483 698 532 pueri
713 496 723 529 3
764 483 795 520 si
823 482 881 520 lac
910 483 1143 531 praeceperit
1171 488 1309 527 aestus,

145 551 186 582 ut
214 557 345 594 nuper,
376 543 512 580 frustra
539 542 797 591 pressabimus
825 542 944 579 ubera
972 542 1121 591 palmis.

199 603 251 641 D.
282 603 372 640 Heu
401 602 487 647 heu,
519 613 635 650 quam
664 601 799 650 pingui
828 613 958 638 macer
988 608 1045 638 est
1074 600 1166 637 mihi
1196 608 1324 638 taurus
1352 599 1391 636 in
1420 600 1535 636 ervo!

145 662 255 700 Idem
284 673 392 698 amor
420 661 577 698 exitium
607 661 738 710 pecori
767 660 995 709 pecorisque
1025 660 1217 708 magistro.
1475 672 1533 694 101

197 720 259 758 M.
290 721 364 758 His
394 727 494 757 certe
524 731 649 768 neque
679 731 787 756 amor
816 731 933 756 causa
961 726 1041 757 est:
1081 720 1143 756 vix
1173 719 1325 757 ossibus
1355 716 1522 754 haerent.

145 780 288 818 Nescio
319 780 403 829 quis
432 787 584 817 teneros
613 779 747 816 oculus
776 779 869 816 mihi
899 779 1058 816 fascinat
1087 791 1221 827 agnos.

198 840 251 877 D.
281 839 364 884 Dic,
395 839 534 888 quibus
564 839 603 875 in
632 839 833 876 terris—et
862 839 934 875 eris
963 838 1055 874 mihi
1086 849 1251 886 magnus
1280 836 1479 886 Apollo—-

145 907 219 937 tres
247 905 375 948 pateat
403 898 497 935 caeli
526 897 691 946 spatium
719 909 799 934 non
828 898 991 946 amplius
1019 897 1139 935 ulnas.
1476 909 1534 940 105

198 958 259 996 M.
290 958 375 1003 Dic,
406 957 544 1006 quibus
573 957 611 994 in
641 957 747 994 terris
778 957 945 1005 inscripti
975 957 1134 993 nomina
1163 967 1297 1005 regum

146 1025 351 1056 nascantur
381 1016 519 1062 flores;
559 1022 597 1053 et
625 1015 799 1064 Phyllida
828 1016 932 1053 solus
962 1016 1112 1052 habeto.

198 1077 249 1115 P.
279 1075 372 1113 Non
401 1082 574 1112 nostrum
602 1075 698 1111 inter
726 1086 795 1111 vos
824 1081 947 1111 tantas
977 1086 1212 1122 componere
1241 1073 1335 1111 lites.

145 1136 194 1174 Et
222 1135 335 1172 vitula
364 1142 403 1171 tu
433 1134 572 1182 dignus
599 1141 636 1171 et
665 1133 738 1179 hic,
769 1140 805 1170 et
834 1133 1006 1182 quisquis
1036 1145 1187 1170 amores

147 1202 210 1233 aut
239 1201 383 1231 temnet
413 1193 555 1238 dulces,
585 1199 649 1230 aut
677 1193 889 1243 experietur
917 1203 1079 1229 amaros.
1477 1205 1537 1226 110

149 1254 321 1293 Claudite
351 1253 427 1289 iam
455 1252 566 1297 rivos,
596 1253 725 1301 pueri:
766 1259 823 1289 sat
851 1259 958 1301 prata
986 1252 1172 1289 biberunt.

635 1441 931 1484 ECLOGA
974 1442 1048 1483 IV.

151 1552 348 1590 SICELIDES
376 1550 524 1595 Musae,
554 1550 670 1600 paulo
699 1550 845 1587 maiora
874 1550 1078 1587 canamus!

150 1611 243 1648 Non
271 1623 407 1648 omnes
435 1611 588 1647 arbusta
616 1609 745 1647 iuvant
773 1608 1012 1657 humilesque
1042 1607 1233 1657 myricae;

150 1671 182 1707 si
211 1670 384 1707 canimus
413 1669 536 1714 silvas,
566 1668 679 1706 silvae
709 1668 784 1705 sint
813 1667 970 1704 consule
999 1666 1148 1715 dignae.

203 1728 348 1765 Ultima
376 1727 537 1765 Cumaei
566 1727 667 1764 venit
695 1727 772 1763 iam
802 1726 978 1763 carminis
1007 1732 1134 1772 aetas;

149 1800 314 1837 magnus
343 1788 390 1824 ab
420 1787 567 1836 integro
597 1786 809 1823 saeclorum
838 1786 1004 1822 nascitur
1032 1785 1141 1822 ordo.
1522 1799 1541 1830 5

151 1848 235 1885 Iam
264 1846 360 1883 redit
389 1853 427 1884 et
455 1846 573 1895 virgo,
602 1845 763 1882 redeunt
793 1845 968 1882 Saturnia
996 1856 1137 1894 regna3

151 1908 227 1944 iam
256 1918 356 1943 nova
385 1907 590 1955 progenies
619 1904 725 1942 caelo
756 1904 962 1942 demittitur
990 1903 1078 1941 alto.

151 1966 216 2003 Tu
244 1966 364 2003 modo
395 1965 566 2003 nascenti
595 1976 728 2013 puero,
757 1976 835 2013 quo
866 1963 986 2000 ferrea
1014 1963 1182 2012 primum

153 2025 301 2078 desinet
330 2037 374 2062 ac
404 2031 486 2061 toto
515 2031 644 2073 surget
672 2035 768 2072 gens
799 2035 913 2060 aurea
941 2022 1101 2067 mundo,

152 2092 256 2122 casta
286 2085 369 2121 fave
399 2083 568 2121 Lucina:
607 2090 693 2120 tuus
722 2083 798 2120 iam
826 2088 961 2131 regnat
989 2081 1142 2130 Apollo.
1505 2093 1545 2116 10

153 2145 291 2193 Teque
321 2143 418 2180 adeo
449 2143 566 2180 decus
594 2142 670 2179 hoc
700 2142 794 2188 aevi,
824 2149 861 2179 te
891 2140 1047 2178 consule
1077 2139 1197 2184 inibit,

152 2203 282 2250 Pollio,
313 2210 350 2241 et
377 2203 561 2252 incipient
589 2202 721 2250 magni
750 2201 956 2251 procedere
985 2211 1139 2237 menses
1154 2212 1165 2245 3

153 2271 190 2300 te
219 2264 328 2308 duce,
359 2262 389 2300 si
418 2274 494 2311 qua
523 2268 681 2299 manent
710 2261 862 2298 sceleris
890 2259 1049 2308 vestigia
1077 2257 1210 2302 nostri,

153 2322 254 2359 irrita
284 2328 470 2371 perpetua
498 2320 646 2358 solvent
676 2319 878 2357 formidine
907 2325 1035 2355 terras.

154 2381 222 2418 Ille
252 2382 367 2418 deum
396 2381 513 2416 vitam
542 2379 702 2428 accipiet
731 2379 900 2427 divisque
931 2376 1070 2414 videbit
1506 2388 1542 2420 15

154 2441 362 2490 permixtos
391 2439 539 2486 heroas,
571 2445 607 2475 et
636 2438 718 2487 ipse
746 2437 931 2475 videbitur
959 2436 1041 2483 illis,
