1669 2737
142 99 222 142 134
709 93 936 129 AENEJS.

137 260 273 310 Ecqua
301 267 430 298 tamen
459 273 578 310 puero
607 267 665 298 est
695 262 859 299 amissae
888 273 978 299 cura
1006 262 1201 310 parentis?

137 319 289 370 Ecquid
317 321 356 357 in
385 321 581 369 antiquam
610 321 784 358 virtutem
813 321 1041 369 animosque
1070 321 1191 357 viriles

137 387 174 417 et
201 387 308 429 pater
337 380 490 417 Aeneas
518 387 555 417 et
584 381 792 418 avunculus
821 381 961 418 excitat
991 379 1193 417 Hector?''

137 440 250 477 Talia
279 439 461 476 fundebat
489 439 692 477 lacrimans
720 440 937 489 longosque
966 440 1091 477 ciebat

137 500 332 537 incassum
360 499 483 543 fietus,
514 512 602 536 cum
632 512 716 537 sese
746 511 767 536 a
795 500 999 537 moenibus
1028 500 1142 537 heros

137 558 347 596 Priamides
376 559 503 595 multis
534 558 707 596 Helenus
737 559 1007 596 comitantibus
1037 559 1146 595 affert

137 618 389 667 agnoscitque
419 629 509 654 suos
539 618 735 666 laetusque
764 617 814 654 ad
842 618 973 654 limina
1002 618 1115 662 ducit,

137 684 176 714 et
204 676 365 713 multum
394 676 567 713 lacrimas
596 677 712 713 verba
740 677 837 714 inter
866 676 1017 725 singula
1046 676 1178 712 fundit.

137 736 322 781 Procedo,
353 742 390 773 et
417 748 577 785 parvam
607 736 766 774 Troiam
796 736 1048 786 simulataque
1077 736 1229 784 magnis

136 796 325 845 Pergama
354 802 391 832 et
420 802 590 833 arentem
620 796 763 833 Xanthi
794 797 1028 844 cognomine
1057 796 1178 832 rivum

137 869 310 906 agnosco
341 856 561 905 Scaeaeque
591 857 802 905 amplector
832 857 963 893 limina
992 862 1135 905 portae.

137 916 222 954 Nec
251 928 331 953 non
360 922 397 953 et
426 916 568 953 Teucri
598 917 703 954 socia
733 916 843 953 simul
871 916 964 952 urbe
994 915 1180 953 fruuntur.

137 975 229 1014 Illos
258 976 467 1025 porticibus
497 988 564 1013 rex
593 976 805 1024 accipiebat
833 975 873 1012 in
904 975 1064 1024 amplis:

138 1036 236 1073 aulai
265 1035 394 1072 medio
423 1035 592 1072 libabant
620 1035 762 1084 pocula
792 1034 934 1072 Bacchi

137 1094 325 1144 impositis
355 1105 448 1130 auro
478 1093 640 1142 dapibus
669 1101 897 1143 paterasque
928 1094 1119 1131 tenebant.

192 1154 352 1203 Iamque
381 1154 462 1190 dies
492 1153 661 1203 alterque
691 1153 772 1190 dies
801 1153 997 1202 processit,
1027 1160 1063 1190 et
1092 1164 1206 1190 aurae

138 1214 221 1251 vela
249 1219 388 1250 vocant
416 1212 640 1261 tumidoque
671 1212 822 1249 inflatur
851 1213 1032 1250 carbasus
1062 1212 1228 1249 Austro:

139 1273 198 1310 his
227 1278 351 1309 vatem
380 1271 582 1321 aggredior
611 1271 721 1309 dictis
750 1283 795 1309 ac
825 1271 913 1308 talia
942 1282 1112 1320 quaeso:

141 1336 161 1353 ‘⁶
176 1331 411 1380 Troiugena,
442 1332 627 1379 interpres
657 1331 796 1376 divum,
827 1331 892 1380 qui
921 1331 1079 1367 numina
1108 1329 1268 1374 Phoebi,

140 1392 205 1440 qui
235 1390 415 1439 tripodas,
446 1389 559 1427 Clarii
589 1390 728 1435 laurus,
758 1391 823 1439 qui
854 1390 978 1427 sidera
1007 1390 1125 1426 sentis

141 1457 178 1487 et
205 1449 402 1486 volucrum
431 1448 580 1497 linguas
610 1456 647 1487 et
676 1449 867 1498 praepetis
897 1449 1028 1486 omina
1056 1459 1220 1496 pennae,

141 1511 220 1548 fare
250 1522 322 1558 age
353 1508 536 1559 (namque
566 1522 724 1547 omnem
755 1522 909 1547 cursum
938 1509 1030 1546 mihi
1062 1519 1248 1558 prospera
1276 1506 1369 1543 dixit

141 1570 286 1619 religio,
316 1575 353 1605 et
382 1570 510 1605 cuncti
540 1576 738 1606 suaserunt
767 1569 925 1606 numine
954 1568 1028 1605 divi

142 1631 291 1667 Italiam
320 1634 450 1677 petere
480 1634 516 1665 et
544 1635 660 1665 terras
689 1634 876 1677 temptare
905 1634 1100 1677 repostas;

142 1689 226 1727 sola
254 1700 397 1725 novum
426 1687 605 1737 dictuque
634 1687 741 1724 nefas
772 1687 944 1736 Harpyia
974 1687 1145 1724 Celaeno

142 1747 361 1798 prodigium
391 1747 493 1784 canit
521 1754 558 1783 et
587 1747 709 1784 tristes
739 1747 937 1784 denuntiat
966 1747 1039 1783 iras

143 1807 430 1855 obscenamque
459 1804 628 1856 famem),
660 1817 757 1854 quae
786 1805 910 1854 prima
938 1804 1106 1854 pericula
1134 1804 1235 1841 vito?

144 1866 295 1913 Quidve
325 1877 491 1914 sequens
520 1871 646 1902 tantos
676 1865 823 1914 possim
851 1875 1029 1913 superare
1058 1861 1263 1901 labores?’'

144 1925 223 1963 Hic
254 1925 428 1963 Helenus
458 1926 579 1962 caesis
608 1925 776 1974 primum
806 1924 853 1961 de
882 1936 990 1961 more
1017 1923 1185 1960 iuvencis

144 1992 275 2023 exorat
304 1997 440 2035 pacem
470 1985 598 2022 divum
626 1985 812 2033 vittasque
841 1983 992 2020 resolvit

145 2046 281 2084 sacrati
311 2045 456 2095 capitis,
486 2057 625 2094 meque
654 2044 703 2081 ad
730 2051 796 2081 tua
824 2044 965 2088 limina,
996 2042 1165 2088 Phoebe,

144 2107 226 2156 ipse
254 2118 370 2143 manu
400 2106 520 2143 multo
550 2117 780 2154 suspensum
809 2104 964 2140 numine
994 2103 1109 2148 ducit,

145 2172 260 2214 atque
287 2165 382 2202 haec
412 2164 551 2202 deinde
581 2164 682 2202 canit
711 2164 839 2201 divino
868 2175 916 2200 ex
945 2174 1011 2200 ore
1041 2162 1243 2201 sacerdos:

147 2224 282 2261 “Nate
311 2224 383 2261 dea
412 2222 519 2274 (nam
548 2230 584 2261 te
613 2224 821 2260 maioribus
850 2223 903 2260 ire
932 2235 999 2271 per
1028 2222 1145 2258 altum

146 2284 325 2332 auspiciis
355 2282 557 2320 manifesta
587 2282 694 2327 fides,
725 2283 779 2320 sic
808 2282 884 2318 fata
913 2282 1028 2318 deum
1058 2293 1124 2318 rex

147 2344 297 2380 sortitur
326 2342 514 2391 volvitque
543 2342 654 2385 vices,
685 2342 717 2379 is
746 2342 899 2379 vertitur
928 2339 1053 2391 ordo),

146 2414 269 2451 pauca
297 2402 363 2438 tibi
392 2413 413 2437 e
441 2401 581 2445 multis,
612 2412 689 2450 quo
719 2401 834 2437 tutior
861 2399 1013 2448 hospita
1042 2400 1176 2437 lustres

148 2473 319 2510 aequora
347 2467 383 2498 et
412 2460 587 2497 Ausonio
617 2459 744 2510 possis
773 2459 973 2497 considere
1002 2466 1125 2508 portu,

1464 514 1526 546 345

1465 808 1530 840 350

1469 1106 1527 1116 n·-

1467 1118 1528 1138 :³00

1466 1392 1530 1432 360

1469 1996 1534 2028 370

1468 2291 1532 2324 375
