1669 2737
579 78 746 113 LIBER
775 79 825 115 X.
861 71 1068 127 730-807.

139 184 243 223 Huic
272 192 406 224 contra
433 187 600 233 Aeneas,
631 187 846 236 speculatus
875 187 914 224 in
945 187 1098 236 agmine
1126 186 1258 236 longo,

139 245 272 281 obvius
299 245 353 282 ire
381 252 496 294 parat.
555 245 690 283 Manet
718 246 991 295 imperterritus
1021 245 1092 291 ille,

138 302 289 340 hostem
317 305 609 353 magnanimum
638 306 855 354 opperiens,
887 311 923 342 et
951 304 1054 342 mole
1085 317 1153 342 sua
1183 312 1277 350 stat;

138 370 251 411 atque
279 363 398 400 oculis
427 365 591 413 spatium
620 376 810 405 emensus,
841 371 1026 413 quantum
1056 364 1147 400 satis
1177 364 1331 401 hastae:

138 421 305 459 ‘Dextra
332 422 425 459 mihi
453 422 547 460 deus
575 429 612 460 et
641 422 770 468 telum,
801 422 906 471 quod
935 423 1076 460 missile
1105 423 1213 468 libro,

138 492 241 518 nunc
269 481 414 518 adsint!
471 481 607 519 Voveo
635 481 841 530 praedonis
871 493 1032 531 corpore
1062 482 1180 530 raptis

139 540 313 578 indutum
342 540 473 589 spoliis
502 541 629 590 ipsum
657 548 705 586 te,
734 539 870 586 Lause,
901 548 1101 589 tropaeum

139 599 317 638 Aeneae?
372 599 489 645 Dixit,
518 599 816 649 stridentemque
845 600 994 638 eminus
1023 600 1171 637 hastam

137 659 224 696 iecit
238 672 251 706 3
291 666 329 697 at
356 659 419 696 illa
447 659 580 697 volans
609 659 733 708 clipeo
763 667 819 696 est
849 671 1010 696 excussa
1038 659 1248 708 proculque

139 719 336 768 egregium
363 718 539 756 Antoren
567 719 663 756 latus
693 719 789 755 inter
819 726 855 756 et
884 719 946 755 ilia
975 719 1064 768 figit,

139 777 318 815 Herculis
345 778 520 815 Antoren
549 778 742 823 comitem,
772 778 836 828 qui
865 778 1004 816 missus
1035 779 1082 815 ab
1112 779 1226 826 Argis

138 837 311 875 haeserat
337 837 516 875 Evandro
546 845 658 887 atque
688 837 784 874 Itala
813 838 1039 875 consederat
1069 838 1172 874 urbe.

140 896 324 935 Sternitur
350 897 480 935 infelix
509 897 634 934 alieno
665 896 817 934 vulnere
848 897 1072 946 caelumque

138 957 272 1006 aspicit
300 963 338 994 et
366 956 494 995 dulces
522 957 689 994 moriens
717 957 967 994 reminiscitur
994 957 1134 1005 Argos.

138 1015 243 1053 Tum
271 1016 356 1065 pius
385 1016 537 1054 Aeneas
565 1016 714 1053 hastam
743 1016 851 1053 iacit:
897 1015 957 1052 illa
986 1028 1054 1064 per
1083 1016 1215 1053 orbem

138 1088 223 1113 aere
252 1088 387 1113 cavum
415 1076 560 1124 triplici,
589 1088 657 1125 per
686 1075 785 1112 linea
814 1083 920 1124 terga
947 1076 1144 1124 tribusque

137 1136 283 1173 transiit
310 1136 496 1172 intextum
525 1136 640 1172 tauris
670 1147 768 1184 opus
799 1135 949 1183 imaque
979 1134 1075 1171 sedit

137 1195 304 1243 inguine,
334 1195 403 1232 sed
430 1194 527 1231 vires
557 1194 659 1231 haud
687 1194 848 1243 pertulit.
907 1193 1025 1231 Ocius
1054 1204 1186 1230 ensem

138 1255 301 1299 Aeneas,
331 1255 412 1291 viso
443 1253 631 1302 Tyrrheni
661 1254 846 1302 sanguine
877 1253 1006 1298 laetus,

138 1314 248 1362 eripit
276 1325 298 1350 a
327 1312 468 1350 femine
499 1320 536 1350 et
563 1313 766 1362 trepidanti
796 1312 959 1349 fervidus
988 1312 1112 1349 instat.

138 1372 332 1422 Ingemuit
361 1373 437 1409 cari
465 1374 626 1421 graviter
653 1372 837 1421 genitoris
867 1383 1008 1416 amore,

137 1440 177 1468 ut
206 1431 309 1476 vidit,
337 1431 499 1476 Lausus,
528 1431 784 1479 lacrimaeque
812 1442 880 1479 per
910 1438 979 1467 ora*
1004 1430 1165 1467 volutae.

138 1491 215 1528 Hic
243 1491 376 1528 mortis
405 1490 520 1527 durae
549 1502 682 1528 casum
711 1496 852 1538 tuaque
882 1490 1027 1537 optima
1055 1488 1166 1534 facta,

138 1551 169 1589 si
198 1563 273 1600 qua
301 1551 419 1588 fidem
447 1557 554 1587 tanto
585 1557 641 1588 est
669 1551 774 1599 operi
803 1549 920 1586 latura
949 1556 1124 1593 vetustas,

137 1623 219 1648 non
247 1611 425 1660 equidem
454 1623 526 1648 nec
555 1618 603 1656 te,
633 1611 778 1648 iuvenis
806 1609 1068 1653 memorande,
1098 1608 1226 1646 silebo.

138 1671 206 1708 Ille
233 1670 374 1720 pedem
402 1670 568 1708 referens
597 1678 633 1707 et
661 1669 801 1707 inutilis
831 1670 946 1718 inque
976 1668 1113 1716 ligatus

138 1729 298 1768 cedebat
325 1729 524 1778 clipeoque
553 1729 749 1767 inimicum
778 1728 910 1765 hastile
939 1727 1132 1764 trahebat:

138 1788 311 1838 prorupit
338 1788 484 1826 iuvenis
513 1800 671 1837 seseque
702 1787 908 1824 immiscuit
936 1787 1050 1824 armis

138 1849 291 1898 iamque
320 1848 552 1898 assurgentis
583 1848 716 1885 dextra
745 1847 976 1896 plagamque
1007 1845 1160 1883 ferentis

138 1909 296 1946 Aeneae
325 1909 438 1946 subiit
465 1920 692 1946 mucronem
721 1908 923 1957 ipsumque
953 1905 1142 1943 morando

140 1968 327 2005 sustinuit.
385 1967 488 2005 Socii
514 1979 659 2016 magno
689 1967 857 2004 clamore
887 1972 1107 2014 sequuntur,

140 2026 233 2063 dum
260 2027 411 2075 genitor
440 2027 519 2063 nati
548 2038 682 2075 parma
710 2032 902 2075 protectus
932 2025 1060 2068 abiret,

140 2087 291 2136 telaque
321 2087 527 2124 coniiciunt
555 2087 858 2136 proturbantque
887 2085 1035 2122 eminus
1063 2084 1216 2122 hostem

140 2147 357 2184 missilibus.
413 2146 517 2183 Furit
545 2148 698 2184 Aeneas
729 2152 927 2192 tectusque
957 2150 1060 2180 tenet
1088 2155 1138 2182 se.

143 2206 201 2243 Ac
229 2206 329 2242 velut
357 2205 477 2243 effusa
505 2206 535 2242 si
565 2204 719 2254 quando
749 2204 934 2253 grandine
963 2203 1084 2240 nimbi

141 2265 403 2314 praecipitant,
433 2265 559 2302 omnis
589 2264 734 2313 campis
764 2262 914 2311 diffugit
943 2269 1068 2299 arator

143 2325 270 2362 omnis
297 2330 335 2360 et
362 2324 541 2372 agricola,
571 2330 608 2360 et
637 2330 715 2359 tuta
744 2321 832 2358 latet
861 2333 946 2358 arce
974 2322 1094 2358 viator

143 2390 208 2420 aut
236 2382 358 2420 amnis
385 2382 475 2430 ripis
504 2388 568 2418 aut
598 2380 661 2417 alti
690 2380 833 2417 fornice
863 2380 956 2425 saxi,

144 2442 235 2480 dum
265 2441 360 2491 pluit
389 2441 429 2478 in
458 2440 574 2487 terris,
604 2446 646 2477 ut
675 2439 824 2489 possint
854 2438 934 2477 sole
963 2438 1121 2476 reducto

1461 1442 1523 1476 590

1460 2030 1526 2061 800

1463 2327 1525 2367 805
