1669 2737
130 70 213 121 284
708 79 932 117 AENEJS.

128 186 290 223 iniecere
319 197 477 223 manum
506 185 646 225 Parcae
675 188 834 238 telisque
864 195 1056 228 sacrarunt

129 244 305 282 Evandri.
362 245 490 291 Quem
519 247 572 284 sie
601 247 724 285 Pallas
754 249 846 297 petit
875 256 962 286 ante
991 254 1191 298 precatus:

131 306 214 343 ‘Da
243 319 356 352 nunc,
387 307 533 356 Thybri
562 315 677 357 pater,
709 309 817 356 ferro,
848 310 953 360 quod
982 310 1124 347 missile
1154 309 1260 354 libro,

130 364 321 403 fortunam
351 373 465 415 atque
493 367 594 404 viam
623 368 705 405 duri
735 381 803 417 per
829 377 963 418 pectus
992 369 1161 406 Halaesi.

130 423 240 462 Haec
269 437 375 462 arma
403 426 633 475 exuviasque
662 428 728 463 viri
757 435 821 465 tua
850 440 1012 477 quercus
1041 426 1218 464 habebit.’

129 483 259 521 Audiit
287 485 348 522 illa
378 485 491 522 deus:
531 485 622 522 dum
651 487 743 523 texit
772 487 932 524 Imaona
961 486 1166 532 Halaesus,

130 543 296 581 Arcadio
325 543 454 580 infelix
483 544 558 581 telo
588 545 653 582 dat
681 553 815 594 pectus
845 546 1043 584 inermum.

129 604 183 640 At
208 614 288 640 non
317 602 434 640 caede
463 604 529 639 viri
558 610 662 640 tanta
690 604 884 653 perterrita
912 605 1070 649 Lausus,

129 674 218 711 pars
246 662 381 710 ingens
410 662 507 708 belli,
540 662 627 699 sinit
656 663 836 711 agmina:
877 664 1020 712 primus
1050 663 1241 700 Abantem

130 722 351 771 oppositum
380 721 579 767 interemit,
609 734 762 771 pugnae
792 723 1014 771 nodumque
1043 734 1279 771 moramque.

132 780 314 818 Sternitur
341 780 527 818 Arcadiae
555 781 693 830 proles,
724 787 941 819 sternuntur
971 781 1122 819 Etrusci

130 847 168 878 et
194 852 272 885 vos,
303 852 327 877 ο
357 839 480 877 Graiis
509 840 712 890 imperdita
741 852 915 890 corpora,
940 841 1100 878 ‘'I'eucri.

129 900 297 948 Agmina
324 907 554 937 concurrunt
583 900 818 949 ducibusque
846 906 884 937 et
912 899 1050 936 viribus
1079 899 1222 948 aequis.

129 957 300 996 Extremi
328 959 540 996 addensent
569 961 669 997 acies
699 971 771 996 nec
800 960 909 996 turba
938 959 1084 995 moveri

129 1019 204 1056 tela
231 1030 446 1067 manusque
475 1019 573 1056 sinit.
631 1018 736 1055 Hine
766 1017 888 1055 Pallas
917 1018 1032 1055 instat
1060 1024 1099 1061 et
1125 1024 1244 1066 urget,

129 1077 217 1115 hinc
246 1085 378 1115 contra
407 1077 569 1123 Lausus,
600 1090 672 1115 nec
701 1077 865 1114 multum
895 1077 1082 1126 discrepat
1111 1085 1236 1115 aetas:

129 1138 270 1186 egregii
299 1137 432 1183 forma,
463 1138 529 1175 sed
560 1138 666 1186 queis
695 1137 865 1174 Fortuna
894 1144 1052 1185 negarat

128 1198 168 1234 in
196 1197 356 1246 patriam
384 1196 534 1234 reditus.
593 1196 707 1244 Ipsos
737 1208 963 1242 concurrere
993 1207 1128 1244 passus

128 1256 231 1294 haud
259 1264 387 1293 tamen
416 1257 514 1293 inter
543 1268 583 1293 se
613 1256 745 1304 magni
774 1261 954 1304 regnator
984 1255 1164 1304 Olympi:

128 1328 221 1354 mox
249 1316 333 1352 illos
363 1327 432 1352 sua
461 1315 535 1352 fata
564 1322 722 1351 manent
750 1315 895 1352 maiore
925 1315 997 1351 sub
1025 1314 1146 1352 hoste.

181 1375 333 1412 Interea
362 1386 470 1412 soror
499 1374 600 1411 alma
626 1380 761 1411 monet
790 1374 996 1412 succedere
1027 1374 1154 1412 Lauso

127 1434 317 1480 Turnum,
347 1435 411 1482 qui
439 1433 580 1471 volucri
610 1445 720 1471 curru
749 1433 919 1470 medium
949 1440 1053 1470 secat
1082 1445 1233 1482 agmen.

128 1494 182 1532 Ut
209 1494 298 1531 vidit
327 1494 462 1536 socios,
494 1493 691 1542 ‘Tempus
720 1492 900 1530 desistere
931 1504 1085 1541 pugna;

128 1555 232 1593 solus
261 1566 333 1602 ego
363 1554 402 1590 in
432 1553 602 1589 Pallanta
630 1552 739 1596 feror,
771 1552 841 1589 soli
871 1552 962 1588 mihi
992 1551 1115 1588 Pallas

128 1614 307 1659 debetur;
348 1624 526 1661 cuperem
555 1613 636 1660 ipse
665 1623 802 1660 parens
832 1618 1024 1660 spectator
1053 1609 1246 1648 adesset:’

128 1673 223 1710 haec
252 1673 311 1717 ait,
343 1679 380 1709 et
409 1672 499 1708 socii
530 1678 724 1708 cesserunt
754 1682 922 1719 aequore
951 1671 1066 1708 iusso.

129 1734 180 1770 At
209 1732 393 1769 Rutulum
422 1732 602 1768 abscessu
630 1730 775 1766 iuvenis
804 1737 885 1766 tum
914 1729 1016 1766 iussa
1044 1729 1208 1777 superba

128 1792 284 1829 miratus
314 1797 439 1839 stupet
468 1790 507 1826 in
537 1790 673 1826 Turno
704 1801 918 1838 corpusque
948 1800 1015 1837 per
1044 1789 1181 1835 ingens

129 1852 273 1889 lumina
301 1851 415 1888 volvit
444 1851 599 1898 obitque
629 1849 724 1886 truci
752 1848 885 1897 procul
914 1848 1043 1884 omnia
1072 1847 1167 1892 visu,

129 1912 265 1948 talibus
293 1917 329 1947 et
359 1910 467 1947 dietis
496 1910 522 1946 it
552 1915 686 1946 contra
715 1908 815 1945 dicta
843 1907 1015 1956 tyranni:

131 1971 231 2008 ‘Aut
261 1970 391 2018 spoliis
420 1981 494 2017 ego
525 1969 600 2005 iarn
629 1968 748 2016 raptis
778 1967 962 2004 laudabor
989 1966 1128 2016 opimis

130 2039 194 2070 aut
221 2032 297 2068 leto
327 2031 487 2079 insigni:
528 2029 620 2067 sorti
650 2036 757 2078 pater
786 2039 930 2077 aequus
960 2028 1107 2076 utrique
1137 2032 1203 2064 est.

130 2092 243 2129 Tolle
272 2091 416 2129 minas!
474 2091 590 2128 Fatus
619 2090 789 2126 medium
818 2088 989 2138 procedit
1016 2088 1055 2124 in
1084 2098 1238 2136 aequor.

130 2150 305 2199 Frigidus
334 2150 548 2187 Arcadibus
579 2149 657 2186 coit
685 2148 724 2184 in
753 2146 977 2196 praecordia
1006 2146 1172 2194 sanguis.

130 2209 292 2247 Desiluit
321 2208 476 2245 Turnus
505 2208 653 2256 biiugis,
684 2207 802 2256 pedes
832 2212 992 2254 apparat
1019 2205 1072 2241 ire

130 2272 370 2315 comminus;
409 2276 525 2318 utque
555 2269 627 2313 leo,
658 2268 813 2317 specula
843 2279 930 2304 cum
959 2266 1048 2303 vidit
1077 2266 1125 2302 ab
1155 2265 1229 2303 alta

131 2338 228 2368 stare
257 2330 390 2380 procul
419 2329 565 2378 campis
593 2328 841 2365 meditantem
871 2327 909 2364 in
940 2326 1082 2375 proelia
1110 2331 1270 2371 taurum,

131 2391 301 2428 advolat:
340 2389 442 2426 haud
471 2389 543 2426 alia
571 2394 628 2425 est
655 2387 777 2424 Turni
806 2386 990 2423 venientis
1019 2386 1159 2433 imago.

132 2450 250 2488 Hunc
278 2449 343 2486 ubi
371 2447 595 2496 contiguum
624 2446 762 2485 missae
791 2445 872 2483 fore
900 2444 1058 2483 credidit
1086 2443 1228 2489 hastae,

1450 260 1516 291 420

1454 558 1515 591 425

1453 853 1517 885 430

1452 1150 1514 1182 435

1453 1447 1517 1478 440

1453 1743 1514 1774 445

1453 2041 1518 2072 450

1454 2341 1515 2372 455
