1669 2737
145 72 241 113 310¹
715 69 939 107 AENEIS.

243 139 258 160 Ι

142 173 345 219 luxurians,
374 174 584 226 luduntque
613 177 724 215 iubae
753 191 820 228 per
848 179 955 223 colla,
986 192 1054 228 per
1083 192 1220 218 armos.

143 231 267 269 Obvia
295 235 355 270 cui
383 233 614 273 Volscorum
643 238 724 274 acie
753 238 958 275 comitante
989 237 1149 276 Camilla

142 293 304 329 occurrit
331 294 527 342 portisque
555 296 602 332 ab
632 308 733 344 equo
762 298 893 345 regina
923 298 992 334 sub
1022 297 1115 345 ipsis

142 350 300 397 desiluit,
331 364 446 401 quam
476 360 556 390 tota
584 354 723 392 cohors
752 357 897 394 imitata
925 357 1062 394 relictis

141 410 190 446 ad
218 417 354 447 terram
384 411 540 449 defluxit
569 414 699 462 equis;
738 421 818 451 tum
848 415 934 451 talia
962 414 1084 452 fatur:

143 469 307 514 ‘Turne,
338 470 394 507 sui
422 472 557 508 merito
586 473 615 509 si
645 485 720 521 qua
748 479 805 510 est
833 473 973 510 fiducia
1002 473 1097 517 forti,

141 529 264 566 audeo
293 535 329 566 et
357 531 581 568 Aeneadum
611 533 792 580 promitto
822 545 1020 570 occurrere
1049 540 1197 570 turmae

141 588 298 637 solaque
327 589 548 638 Tyrrhenos
577 592 722 639 equites
751 592 803 628 ire
831 592 943 629 obvia
972 599 1113 629 contra.

140 647 207 684 Me
236 648 316 685 sine
345 650 468 697 prima
494 661 610 685 manu
640 656 824 699 temptare
853 652 1021 699 pericula
1049 651 1159 688 belli:

139 712 179 742 tu
208 707 326 754 pedes
355 707 403 744 ad
430 719 559 745 muros
588 709 748 746 subsiste
777 716 814 746 et
842 710 994 746 moenia
1024 708 1149 747 serva.²

140 765 293 803 Turnus
322 767 370 804 ad
399 767 504 812 haec,
535 768 668 805 oculos
697 768 889 806 horrenda
917 770 956 806 in
984 770 1125 818 virgine
1155 770 1274 807 fixus:

141 824 198 862 ‘O
228 825 343 863 decus
372 826 502 863 Italiae
531 828 647 876 virgo,
680 840 774 876 quas
805 828 929 865 dicere
957 836 1083 877 grates

139 896 279 934 quasve
307 885 443 922 referre
472 887 629 934 parem?
670 886 736 923 sed
764 899 877 932 nunc,
910 894 966 924 est
995 888 1125 924 omnia
1154 887 1308 937 quando

137 944 206 981 iste
235 945 383 982 animus
413 957 539 994 supra,
568 957 720 982 mecum
749 946 886 994 partire
916 946 1098 983 laborem.

137 1003 300 1047 Aeneas,
329 1009 370 1040 ut
398 1002 501 1040 fama
528 1004 643 1041 fidem
672 1005 854 1053 missique
882 1012 1077 1053 reportant

137 1061 404 1110 exploratores,
435 1063 604 1111 equitum
632 1063 727 1100 levia
756 1064 954 1113 improbus
984 1076 1090 1101 arma

136 1121 340 1167 praemisit,
370 1128 570 1170 quaterent
599 1135 758 1171 campos
774 1136 783 1169 3
822 1124 903 1172 ipse
933 1124 1050 1160 ardua
1078 1123 1220 1160 montis

136 1191 202 1226 per
231 1179 379 1217 deserta
407 1181 498 1228 iugo
529 1193 713 1230 superans
743 1181 922 1219 adventat
952 1182 1001 1218 ad
1028 1183 1174 1219 urbem.

136 1237 249 1274 Furta
276 1250 370 1287 paro
398 1239 485 1276 belli
516 1252 688 1277 convexo
719 1241 756 1277 in
787 1242 935 1278 tramite
966 1241 1091 1286 silvae,

135 1304 174 1333 ut
203 1297 318 1335 bivias
348 1304 493 1335 armato
522 1299 697 1336 obsidam
726 1300 843 1336 milite
872 1300 1012 1336 fauces.

135 1355 197 1391 Tu
227 1355 469 1405 Tyrrhenum
498 1358 664 1407 equitem
694 1359 842 1396 collatis
872 1360 1005 1407 excipe
1036 1359 1179 1407 signis;

133 1421 260 1452 tecum
289 1427 376 1452 acer
405 1416 608 1466 Messapus
638 1418 705 1454 erit
735 1424 957 1466 turmaeque
987 1417 1148 1454 Latinae

135 1474 359 1522 Tiburtique
393 1487 539 1521 manus,
572 1475 679 1513 ducis
709 1481 746 1513 et
775 1483 816 1513 tu
845 1477 1008 1525 concipe
1038 1476 1192 1513 curam.’

135 1532 195 1570 Sic
224 1534 284 1579 ait,
316 1539 353 1570 et
381 1535 535 1582 paribus
565 1534 791 1584 Messapum
819 1536 859 1572 in
888 1535 1031 1584 proelia
1061 1535 1170 1572 dictis

133 1592 300 1628 hortatur
329 1593 532 1641 sociosque
563 1593 691 1639 duces,
721 1600 758 1630 et
787 1595 910 1642 pergit
938 1594 977 1631 in
1005 1594 1170 1631 hostem.

132 1651 201 1687 Est
230 1662 343 1687 curvo
373 1650 543 1688 anfractu
571 1651 696 1697 valles,
727 1652 979 1689 accommoda
1009 1652 1130 1689 fraudi

133 1720 402 1757 armorumque
432 1709 537 1755 dolis,
569 1722 685 1759 quam
714 1710 842 1747 densis
871 1710 1070 1747 frondibus
1101 1718 1225 1748 atrum

131 1774 241 1816 urget
269 1768 458 1816 utrimque
486 1768 594 1813 latus,
624 1768 749 1805 tenuis
779 1780 857 1816 quo
887 1769 1023 1806 semita
1053 1769 1156 1806 ducit

133 1833 391 1876 angustaeque
421 1826 542 1863 ferunt
568 1826 696 1864 fauces
725 1826 924 1875 aditusque
955 1827 1123 1875 maligni.

134 1886 249 1922 Hanc
278 1897 390 1934 super
418 1886 458 1921 in
489 1886 652 1934 speculis
683 1898 913 1934 summoque
942 1886 981 1921 in
1010 1886 1146 1923 vertice
1175 1887 1317 1924 montis

134 1945 306 1993 planities
336 1945 468 1992 ignota
498 1945 596 1982 iacet
624 1945 769 1993 tutique
798 1951 984 1993 receptus,

134 2016 201 2040 seu
231 2003 363 2040 dextra
391 2003 572 2052 laevaque
600 2003 692 2040 velis
721 2015 919 2040 occurrere
948 2015 1114 2052 pugnae,

133 2064 210 2099 sive
239 2062 378 2099 instare
407 2062 502 2110 iugis
531 2069 567 2099 et
596 2062 754 2110 grandia
782 2062 930 2099 volvere
960 2073 1062 2099 saxa.

134 2121 224 2159 Huc
253 2121 398 2158 iuvenis
428 2128 520 2157 nota
549 2120 663 2158 fertur
692 2121 848 2169 regione
878 2121 1021 2157 viarum

134 2180 363 2228 arripuitque
392 2179 521 2217 locum
549 2187 586 2217 et
616 2180 714 2217 silvis
743 2180 880 2217 insedit
909 2180 1057 2229 iniquis.

186 2239 373 2277 Velocem
402 2241 543 2277 interea
570 2240 716 2289 superis
744 2240 784 2276 in
813 2239 966 2277 sedibus
996 2240 1125 2289 Opim,

134 2311 250 2337 unam
280 2312 327 2336 ex
355 2300 562 2348 virginibus
593 2299 706 2336 sociis
736 2310 920 2349 sacraque
950 2307 1107 2345 caterva,

135 2358 387 2407 compellabat
415 2364 452 2395 et
480 2358 549 2395 has
578 2358 699 2394 tristes
728 2357 892 2395 Latonia
919 2370 1033 2396 voces

135 2430 200 2455 ore
229 2418 366 2455 dabat:
408 2416 609 2455 ‘Graditur
639 2417 779 2454 bellurn
807 2417 856 2454 ad
885 2418 1034 2456 crudele
1063 2417 1236 2463 Camilla,

1458 372 1522 404 500

1457 666 1517 697 505

1454 1256 1514 1287 515

1452 1843 1513 1874 525

1453 2138 1516 2169 530

1454 2432 1515 2463 535
