1669 2737
166 84 219 126 70
725 78 1011 114 GEORGJCA.

165 189 342 237 sparserit
370 195 433 225 aut
462 200 648 238 praeceps
679 188 865 238 Neptuno
896 187 1124 225 immerserit
1152 186 1289 224 Eurus.

164 249 276 286 Haec
305 250 448 287 circum
479 250 604 286 casiae
633 249 770 286 virides
799 256 835 286 et
865 248 1008 285 olentia
1036 248 1110 285 late

165 308 323 357 serpylla
352 315 389 345 et
417 308 579 357 graviter
608 308 786 356 spirantis
817 308 931 356 copia
962 307 1162 356 thymbrae

164 367 308 413 floreat,
339 368 598 416 irriguumque
627 367 759 404 bibant
788 368 944 405 violaria
974 366 1132 404 fontem.

165 427 256 476 Ipsa
286 435 425 471 autem,
456 440 524 464 seu
554 427 759 464 corticibus
789 428 855 464 tibi
887 434 971 464 suta
1002 427 1142 464 cavatis

165 499 232 524 seu
262 487 365 524 lento
395 486 534 524 fuerint
562 486 702 524 alvaria
730 487 872 523 vimine
902 493 1015 532 texta,

165 553 351 595 angustos
380 546 546 583 habeant
575 545 721 582 aditus:
764 558 855 582 narn
886 545 1023 594 frigore
1054 545 1169 582 mella

165 606 269 654 cogit
297 605 459 654 hiemps,
490 604 703 653 eademque
734 604 838 642 calor
866 605 1068 654 liquefacta
1097 605 1262 641 remittit.

164 663 336 713 Utraque
365 665 422 702 vis
451 664 587 713 apibus
616 665 756 713 pariter
784 664 1014 710 metuenda;
1054 675 1181 713 neque
1210 663 1294 700 illae

165 726 399 774 nequiquam
428 725 467 762 in
496 725 604 762 tectis
634 725 806 762 certatim
837 726 966 762 tenuia
995 736 1083 762 cera

165 785 399 833 spiramenta
426 784 560 829 linunt,
591 783 756 833 fucoque
787 791 824 822 et
854 784 1010 821 floribus
1040 796 1128 821 oras

165 845 330 893 explent,
360 843 639 891 collectumque
669 843 765 881 haec
795 844 879 892 ipsa
909 844 957 880 ad
986 855 1148 880 munera
1177 842 1310 891 gluten

165 911 202 941 et
230 904 335 941 visco
365 910 402 940 et
433 902 619 951 Phrygiae
650 910 799 940 servant
830 903 916 952 pice
946 903 1083 940 lentius
1113 902 1216 938 Idae.

167 964 290 1013 Saepe
321 963 435 1000 etiarn
466 962 629 1007 effossis,
661 963 691 1000 si
721 975 809 1000 vera
839 970 895 1000 est
925 962 1037 1008 fama,
1067 962 1223 999 latebris

166 1024 236 1060 sub
265 1030 362 1060 terra
392 1022 517 1059 fovere
547 1021 677 1067 larem,
708 1022 938 1071 penitusque
968 1029 1140 1070 repertae

166 1084 460 1133 pumicibusque
491 1082 592 1119 cavis
623 1094 840 1131 exesaeque
871 1082 1017 1119 arboris
1049 1087 1168 1118 antro.

167 1143 231 1180 Tu
255 1149 384 1179 tamen
413 1148 450 1178 et
479 1141 549 1178 levi
580 1141 723 1178 rimosa
753 1141 892 1178 cubilia
920 1141 1012 1178 limo

167 1214 296 1251 ungue
327 1201 460 1238 fovens
489 1200 645 1246 circum,
676 1207 713 1237 et
742 1212 846 1238 raras
876 1200 1105 1249 superiniice
1135 1199 1303 1237 frondes.

168 1261 256 1300 Neu
287 1261 444 1311 propius
475 1261 583 1298 tectis
612 1267 744 1297 taxum
776 1261 870 1306 sine,
902 1272 997 1298 neve
1026 1261 1206 1297 rubentes

167 1335 232 1359 ure
263 1322 350 1359 foco
380 1332 552 1366 cancros,
584 1320 681 1357 altae
712 1332 787 1357 neu
817 1320 931 1358 crede
962 1320 1102 1369 paludi,

168 1390 232 1420 aut
260 1381 326 1418 ubi
355 1381 452 1418 odor
480 1380 588 1418 caeni
618 1380 743 1428 gravis
773 1388 838 1417 aut
867 1380 932 1417 ubi
964 1391 1136 1418 concava
1167 1378 1279 1428 pulsu

169 1454 262 1479 saxa
291 1447 430 1478 sonant
459 1440 641 1488 vocisque
671 1440 820 1477 offensa
850 1439 1003 1476 resultat
1032 1439 1171 1487 imago.

224 1500 343 1547 Quod
372 1507 554 1549 superest,
585 1499 650 1536 ubi
680 1499 831 1548 pulsam
860 1499 1027 1536 hiemem
1060 1497 1126 1535 Sol
1156 1509 1292 1534 aureus
1322 1498 1399 1546 egit

169 1561 241 1598 sub
270 1567 389 1597 terras
419 1558 645 1607 caelumque
675 1559 816 1595 aestiva
845 1557 929 1595 luce
958 1557 1122 1603 reclusit,

170 1619 254 1656 illae
284 1619 470 1656 continuo
500 1617 616 1654 saltus
647 1617 834 1666 silvasque
864 1623 1072 1666 peragrant

170 1689 459 1728 purpureosque
489 1683 638 1714 metunt
667 1676 781 1714 flores
811 1683 847 1714 et
877 1676 1038 1713 flumina
1067 1675 1186 1712 libant

171 1750 322 1777 summa
349 1737 461 1774 leves.
520 1736 625 1774 Hinc
655 1736 786 1774 nescio
817 1748 893 1785 qua
923 1735 1125 1773 dulcedine
1156 1735 1276 1772 laetae

170 1798 398 1848 progeniem
427 1797 616 1845 nidosque
646 1795 784 1840 fovent,
815 1795 904 1832 hinc
933 1802 1012 1832 arte
1041 1802 1214 1832 recentes

171 1857 365 1895 excudunt
394 1868 501 1894 ceras
530 1863 567 1893 et
596 1854 709 1892 mella
738 1855 888 1892 tenacia
917 1854 1078 1902 fingunt.

172 1919 249 1956 Hic
277 1918 341 1955 ubi
373 1917 449 1954 iarn
478 1917 662 1953 emissum
688 1915 816 1952 'caveis
846 1913 893 1951 ad
924 1914 1047 1951 sidera
1076 1913 1170 1951 caeli

172 1990 262 2015 nare
291 1989 358 2026 per
388 1983 573 2013 aestatem
603 1974 787 2023 liquidam
817 1974 1034 2022 suspexeris
1063 1985 1205 2021 agmen

172 2038 453 2085 obscuramque
483 2034 577 2072 trahi
606 2041 719 2071 vento
750 2034 936 2070 mirabere
967 2034 1122 2077 nubem,

172 2096 474 2145 contemplator:
516 2106 634 2143 aquas
664 2093 794 2131 dulces
823 2102 860 2130 et
889 2091 1051 2129 frondea
1080 2103 1234 2140 semper

172 2162 271 2193 tecta
300 2162 443 2204 petunt.
503 2154 593 2191 Huc
624 2160 664 2190 tu
693 2153 818 2190 iussos
848 2164 1009 2201 asperge
1040 2163 1199 2200 sapores

173 2216 258 2253 trita
286 2214 525 2263 melisphylla
554 2221 591 2251 et
621 2212 813 2250 cerinthae
844 2211 1013 2260 ignobile
1042 2222 1213 2260 gramen,

173 2275 408 2323 tinnitusque
438 2274 495 2311 cie
524 2280 561 2310 et
592 2271 725 2309 Matris
755 2278 870 2321 quate
900 2270 1076 2321 cymbala
1106 2271 1274 2307 circum:

125 2346 127 2349 ·
173 2335 279 2383 ipsae
311 2332 513 2371 consident
542 2331 740 2369 medicatis
771 2331 939 2375 sedibus,
969 2330 1076 2378 ipsae

173 2393 307 2430 intima
335 2404 443 2429 more
473 2404 543 2429 suo
573 2403 656 2428 sese
687 2391 726 2427 in
756 2390 947 2428 cunabula
975 2388 1156 2426 condent.

229 2451 296 2488 Sin
325 2458 453 2488 autem
483 2450 533 2488 ad
562 2462 735 2500 pugnam
764 2450 1071 2488 exierint—nam
1101 2459 1216 2496 saepe
1246 2445 1398 2484 duobus

1521 260 1561 291 30

1518 556 1560 588 35

1520 857 1563 889 40

1522 1155 1563 1186 45

1524 1454 1566 1485 50

1528 2037 1570 2068 60
