1669 2737
567 74 736 110 LIBER
771 75 813 110 V.
844 68 1058 123 419-496.

127 181 211 221 Nec
239 195 347 221 mora
376 196 447 222 nec
476 184 649 234 requies:
690 196 807 234 quam
835 183 955 221 multa
982 181 1169 231 grandine
1197 180 1318 219 nimbi

125 242 351 281 culminibus
381 244 577 293 crepitant,
609 245 662 282 sic
692 244 821 281 densis
850 243 986 280 ictibus
1016 242 1130 279 heros

125 302 254 339 creber
282 309 441 352 utraque
469 315 588 341 manu
617 303 742 353 pulsat
770 310 970 352 versatque
999 300 1153 338 Dareta.

125 359 230 398 Tum
257 369 364 410 pater
392 363 545 400 Aeneas
575 362 783 411 procedere
811 362 963 411 longius
992 361 1065 398 iras

124 426 160 457 et
189 420 332 458 saevire
361 421 498 460 animis
527 421 722 459 Entellum
751 421 854 459 haud
883 433 1018 470 passus
1049 420 1208 465 acerbis,

123 478 191 516 sed
219 479 336 517 finem
364 481 546 530 imposuit
574 493 727 530 pugnae
757 480 978 530 fessumque
1006 478 1150 516 Dareta

123 539 259 587 eripuit
287 539 462 578 mulcens
492 540 611 586 dictis,
642 553 686 578 ac
715 539 803 577 talia
834 540 960 576 fatur:

124 597 295 644 ‘Infelix,
325 611 423 648 quae
453 606 556 637 tanta
585 600 757 637 animum
787 599 979 636 dementia
1009 597 1137 647 cepit?

124 669 204 695 non
232 658 327 695 vires
356 658 448 696 alias
477 671 738 709 conversaque
768 659 926 696 numina
956 657 1098 695 sentis?

124 716 229 755 Cede
258 715 356 755 deo.y
413 717 596 768 Dixitque
626 725 663 756 et
691 718 835 767 proelia
864 729 958 755 voce
989 717 1150 754 diremit.

121 777 192 814 Ast
220 776 324 814 illum
354 777 418 814 fidi
448 778 637 826 aequales,
667 789 795 826 genua
823 789 938 826 aegra
966 776 1179 813 trahentem

121 837 403 885 iactantemque
432 844 595 886 utroque
626 845 740 885 caput
770 848 1018 885 crassumque
1049 846 1225 873 cruorem

122 907 187 933 ore
216 896 444 933 eiectantem
473 896 689 945 mixtosque
719 896 758 932 in
788 895 973 943 sanguine
1005 895 1150 939 dentes,

122 954 266 992 ducunt
295 955 344 992 ad
373 967 500 1001 naves,
529 955 757 1004 galeamque
787 967 996 1003 ensemque
1025 954 1150 992 vocati

122 1015 324 1063 accipiunt,
353 1015 522 1064 palmam
550 1014 704 1052 Entello
734 1022 959 1063 taurumque
989 1013 1219 1062 relinquunt.

123 1071 200 1110 Hic
230 1073 359 1119 victor,
389 1086 574 1123 superans
604 1074 740 1111 animis
770 1081 957 1122 tauroque
987 1074 1173 1122 superbus

122 1132 246 1170 ‘Nate
275 1133 346 1171 dea
374 1145 519 1182 vosque
548 1133 664 1171 haec'
698 1133 820 1181 inquit
850 1133 1107 1180 ‘cognoscite‚
1139 1131 1292 1176 Teucri,

123 1199 160 1230 et
187 1192 281 1229 mihi
309 1205 407 1241 quae
436 1192 572 1230 fuerint
601 1193 763 1230 iuvenali
791 1193 831 1229 in
861 1204 1021 1241 corpore
1050 1192 1146 1229 vires

122 1259 160 1288 et
188 1264 265 1300 qua
292 1252 447 1289 servetis
475 1260 696 1290 revocatum
726 1265 748 1289 a
776 1259 899 1289 morte
929 1251 1093 1289 Dareta.'

123 1311 239 1357 Dixit,
270 1319 306 1349 et
336 1312 481 1349 adversi
511 1320 644 1350 contra
674 1313 774 1350 stetit
802 1324 869 1349 ora
898 1312 1058 1356 iuvenci,

124 1373 188 1420 qui
218 1372 363 1409 donum
391 1373 539 1410 astabat
567 1385 732 1421 pugnae,
763 1372 955 1420 durosque
985 1371 1142 1409 reducta

123 1431 269 1469 libravit
298 1431 431 1469 dextra
458 1432 586 1469 media
614 1432 710 1468 inter
743 1443 887 1468 cornua
916 1436 1076 1476 caestus,

124 1491 274 1536 arduus,
304 1490 540 1540 effractoque
569 1491 668 1528 illisit
696 1491 735 1527 in
765 1503 854 1528 ossa
883 1491 1062 1528 cerebro:

124 1550 300 1588 sternitur
327 1550 590 1599 exanimisque
617 1556 785 1587 tremens
815 1549 1031 1598 procumbit
1060 1548 1166 1585 humi
1196 1549 1280 1587 bos.

114 1609 192 1647 ·111e
222 1621 336 1659 super
364 1610 458 1647 tales
488 1608 649 1646 effundit
677 1615 833 1658 pectore
863 1621 1000 1646 voces:

126 1668 264 1706 ‘Hanc
291 1669 370 1714 tibi,
399 1669 513 1718 Eryx,
544 1668 741 1706 meliorem
771 1668 938 1705 animam
967 1680 1037 1718 pro
1066 1675 1188 1704 morte
1218 1667 1371 1705 Daretis

124 1729 323 1778 persolvo;
363 1729 424 1767 hic
452 1730 571 1767 victor
600 1736 749 1766 caestus
779 1735 975 1777 artemque
1004 1727 1179 1777 repono!

180 1788 358 1826 Protinus
386 1789 539 1826 Aeneas
567 1788 680 1825 celeri
709 1794 850 1824 certare
881 1787 1018 1835 sagitta

117 1848 256 1885 -invitat
283 1848 349 1897 qui
378 1847 473 1885 forte
500 1848 625 1892 velint,
656 1853 693 1884 et
722 1847 892 1896 praemia
922 1846 1023 1891 dicit,

126 1907 346 1956 ingentique
374 1919 492 1944 manu
520 1907 663 1944 malum
693 1907 740 1943 de
768 1919 864 1943 nave
896 1905 1035 1943 Seresti

127 1967 235 2016 erigit
264 1974 300 2003 et
328 1966 524 2004 volucrem
552 1967 710 2004 traiecto
738 1966 778 2003 in
808 1966 897 2002 fune
928 1965 1160 2011 columbam,

127 2038 204 2076 quo
232 2026 393 2063 tendant
420 2027 571 2070 ferrum,
600 2025 704 2063 malo
739 2024 938 2073 suspendit
967 2025 1015 2060 ab
1045 2024 1133 2061 alto.

128 2085 353 2123 Convenere
383 2085 460 2132 viri,
492 2085 756 2134 deiectamque
785 2096 896 2121 aerea
926 2092 1068 2121 sortem

127 2145 273 2193 accepit
301 2144 435 2193 galea;
476 2151 513 2183 et
542 2145 686 2194 primus
716 2144 883 2182 clamore
915 2142 1085 2180 secundo

128 2204 361 2254 Hyrtacidae
389 2210 477 2241 ante
506 2215 643 2241 omnes
674 2203 750 2240 exit
778 2203 886 2240 locus
916 2202 1227 2251 Hippocoontis:

129 2275 244 2312 quem
273 2262 390 2300 modo
420 2263 544 2300 navali
573 2262 801 2300 Mnestheus
831 2262 1036 2298 certamine
1066 2261 1185 2298 victor

129 2322 385 2371 consequitur,
413 2322 521 2359 viridi
549 2321 775 2359 Mnestheus
805 2321 974 2358 evinctus
1003 2320 1111 2358 oliva.

128 2382 282 2419 Tertius
311 2380 509 2430 Eurytion,
539 2388 624 2418 tuus
654 2392 678 2417 0
708 2380 914 2418 clarissime
944 2379 1055 2416 frater

129 2441 314 2487 Pandare,
345 2441 410 2491 qui
439 2441 647 2490 quondam,
679 2441 803 2479 iussus
833 2439 1067 2478 confundere
1098 2439 1246 2487 foedus,

1449 304 1513 346 460

1447 907 1512 940 470

1447 1205 1509 1237 475

1448 1495 1512 1536 480

1447 1793 1509 1833 485

1449 2099 1512 2131 490

1449 2396 1510 2427 495
