1669 2737
553 77 719 113 LIBER
748 77 828 113 III.
865 71 997 122 146-2
1006 83 1027 112 2
1033 84 1071 126 3.

121 194 203 226 tum
231 187 356 237 magis
385 193 501 237 atque
530 187 654 236 magis
683 186 834 224 blandis
863 185 1030 235 gaudere
1060 185 1229 234 magistri

121 248 296 286 laudibus
326 254 363 285 et
390 249 546 297 plausae
577 248 745 285 sonitum
774 248 930 285 cervicis
960 258 1099 283 amare.

122 308 250 357 Atque
278 307 374 345 haec
402 308 480 344 iarn
508 308 633 357 primo
664 307 845 356 depulsus
875 307 923 344 ab
952 307 1069 343 ubere
1100 306 1229 342 matris

123 367 271 413 audeat,
301 367 418 416 inque
447 368 570 405 vicem
600 367 663 404 det
692 367 871 404 mollibus
900 378 967 403 ora
997 366 1171 414 capistris

122 425 308 463 invalidus
339 427 532 475 etiamque
562 433 741 471 tremens,
772 426 886 462 etiam
915 425 1056 462 inscius
1088 424 1180 461 aevi.

122 486 174 523 At
202 485 319 523 tribus
349 486 492 523 exactis
522 486 586 523 ubi
616 492 750 534 quarta
779 485 982 522 accesserit
1011 491 1148 529 aestaS,

123 557 278 594 carpere
307 557 398 583 mox
427 557 565 595 gyrum
593 545 749 593 incipiat
779 544 1038 593 gradibusque
1069 556 1208 581 sonare

123 604 358 652 compositis,
390 605 591 654 sinuetque
620 604 764 641 alterna
792 603 990 641 volumina
1017 615 1182 647 crurum,

122 663 246 712 sitque
275 663 463 702 laboranti
493 663 648 709 similis;
691 671 772 700 tum
802 664 975 700 cursibus
1005 675 1117 700 auras

123 730 317 772 provocet,
347 736 392 761 ac
421 735 490 773 per
518 730 649 772 aperta
677 723 811 760 volans
841 735 912 759 ceu
941 723 1035 759 liber
1063 722 1226 759 habenis

124 794 291 833 aequora
319 785 381 822 vix
411 797 562 822 summa
591 784 752 832 vestigia
781 789 899 832 ponat
929 783 1095 829 harena;

123 842 245 891 qualis
275 841 540 892 Hyperboreis
569 843 712 892 Aquilo
743 854 831 880 cum
861 843 1004 880 densus
1035 843 1084 879 ab
1113 842 1191 879 oris

123 902 306 948 incubuit,
338 903 593 953 Scythiaeque
622 903 769 940 hiemes
800 910 912 951 atque
942 902 1045 939 arida
1074 902 1200 939 differt

123 961 275 1000 nubila:
315 969 396 999 tum
427 971 577 1011 segetes
607 962 702 999 altae
732 963 937 1010 campique
967 969 1145 998 natantes

123 1020 272 1058 lenibus
302 1021 530 1060 horrescunt
559 1022 696 1066 flabris,
729 1033 979 1070 summaeque
1009 1033 1190 1058 sonorem

125 1080 218 1117 dant
247 1079 370 1126 silvae,
401 1081 584 1130 longique
613 1086 753 1130 urgent
781 1080 830 1116 ad
859 1080 970 1117 litora
997 1080 1160 1125 fluctus;

124 1138 185 1175 ille
213 1139 314 1176 volat
343 1140 454 1177 simul
483 1152 572 1178 arva
601 1140 692 1188 fuga
722 1140 833 1177 simul
863 1151 1032 1188 aequora
1061 1150 1225 1176 verrens.

125 1197 231 1236 Hinc
260 1199 317 1236 vel
347 1200 397 1237 ad
425 1200 508 1238 Elei
537 1206 661 1237 metas
691 1206 727 1237 et
756 1200 925 1236 maxima
955 1200 1083 1249 campi

125 1260 277 1297 sudabit
307 1261 428 1310 spatia
456 1268 494 1298 et
524 1272 682 1311 spumas
712 1267 802 1309 aget
831 1272 897 1297 ore
927 1268 1113 1305 cruentaS,

125 1319 281 1368 Belgica
310 1321 368 1358 vel
396 1321 501 1359 molli
530 1321 667 1359 melius
699 1320 791 1358 feret
820 1320 956 1358 esseda
985 1321 1098 1358 collo.

125 1379 231 1417 Tum
260 1380 417 1418 demum
446 1393 574 1418 crassa
601 1392 790 1429 magnum
818 1380 1006 1429 farragine
1038 1392 1179 1429 corpus

125 1450 295 1477 crescere
324 1440 400 1477 iam
429 1440 582 1477 domitis
611 1440 746 1477 sinito:
785 1451 952 1488 namque
983 1446 1071 1476 ante
1101 1439 1342 1477 domandum

125 1498 301 1546 ingentes
330 1499 463 1537 tollent
491 1500 653 1545 animOS,
683 1499 891 1548 prensique
920 1499 1119 1547 negabunt

126 1557 281 1595 verbera
309 1558 412 1595 lenta
440 1559 517 1607 pati
547 1565 584 1595 et
613 1558 716 1595 duris
745 1569 877 1607 parere
906 1557 1057 1606 lupatis.

181 1616 258 1654 Sed
287 1630 368 1655 non
396 1618 474 1655 ulla
501 1619 625 1667 magis
654 1618 752 1655 vires
782 1617 968 1655 industria
996 1618 1134 1664 firmat,

126 1687 243 1726 quam
272 1676 467 1714 Venerem
496 1684 534 1715 et
563 1677 668 1715 caeci
699 1677 871 1714 stimulos
901 1683 1068 1714 avertere
1098 1677 1251 1723 amoris,

126 1737 205 1775 sive
234 1738 355 1775 boum
384 1739 462 1776 sive
491 1745 549 1776 est
578 1738 638 1775 cui
667 1738 810 1787 gratior
838 1749 929 1774 usus
959 1749 1160 1786 equorum.

126 1797 254 1847 Atque
283 1796 371 1834 ideo
399 1804 529 1835 tauros
559 1797 693 1846 procul
723 1804 836 1845 atque
865 1797 905 1833 in
934 1796 1017 1833 sola
1045 1796 1215 1845 relegant

126 1869 271 1907 pascua
299 1865 388 1906 post
416 1863 590 1895 montem
620 1857 847 1906 oppositum
876 1863 912 1893 et
942 1864 1046 1893 trans
1076 1856 1237 1893 flumina
1265 1856 1350 1900 lata,

127 1923 192 1954 aut
220 1917 319 1953 intus
349 1915 500 1955 clausos
530 1924 658 1954 satura
684 1916 735 1953 ad
763 1916 962 1965 praesepia
991 1922 1152 1952 servant.

128 1974 260 2024 Carpit
288 1975 391 2012 enim
420 1976 516 2013 vires
545 1975 729 2025 paulatim
760 1975 909 2023 uritque
937 1974 1105 2011 videndo

128 2034 282 2080 femina,
312 2047 384 2072 nec
413 2047 616 2072 nemorum
646 2034 786 2084 patitur
814 2034 1039 2071 meminisse
1068 2045 1141 2071 nec
1170 2033 1311 2070 herbae

128 2094 302 2132 dulcibus
330 2094 392 2132 illa
421 2094 576 2145 quidem
606 2095 803 2140 illecebris,
834 2100 871 2131 et
901 2105 1017 2142 saepe
1046 2094 1235 2142 superbos

129 2154 308 2191 cornibus
335 2154 433 2191 inter
461 2166 502 2191 se
532 2154 673 2203 subigit
702 2154 908 2191 decernere
938 2158 1124 2190 amanteS.

129 2213 302 2250 Pascitur
327 2213 367 2250 in
395 2225 539 2262 magna
568 2213 644 2250 Sila
673 2213 845 2250 formosa
875 2213 1059 2250 iuvenca:

129 2273 179 2310 illi
209 2273 437 2312 alternantes
466 2274 587 2311 multa
614 2274 649 2311 vi
677 2273 822 2323 proelia
850 2272 1013 2309 miscent

129 2333 346 2370 vulneribus
374 2334 525 2379 crebris,
556 2333 645 2370 lavit
672 2340 752 2370 ater
781 2343 946 2380 corpora
976 2331 1145 2380 sanguis,

130 2403 313 2441 versaque
341 2392 382 2429 in
411 2393 578 2430 obnixos
608 2400 792 2440 urgentur
821 2403 966 2428 cornua
994 2397 1101 2428 vasto

131 2463 220 2490 cum
247 2452 404 2501 gemitu,
433 2452 596 2490 reboant
625 2452 818 2501 silvaeque
847 2457 884 2488 et
912 2450 1052 2500 longus
1082 2450 1284 2500 Olympus.

1461 80 1514 123 59

1458 189 1515 227 185

1456 496 1516 525 190

1458 795 1515 826 195

1457 1092 1518 1113 200

1455 1393 1514 1424 205

1457 1691 1520 1714 210

1457 1988 1518 2019 215
