1669 2737
543 61 711 95 LIBER
748 61 833 96 νη.
865 68 893 105 4
895 64 980 109 57-
982 65 1034 110 53
1040 68 1078 109 3·

120 170 208 219 Ipse
238 170 361 214 etiam,
393 170 553 207 eximiae
581 170 702 207 laudis
731 182 938 208 succensus
971 181 1114 214 amore,

119 230 308 267 Ascanius
337 241 451 266 curvo
481 229 615 266 direxit
644 228 787 278 spicula
815 241 938 266 cornu
953 241 962 274 ;

120 301 191 326 nee
221 288 374 325 dextrae
404 289 541 325 erranti
571 288 664 325 deus
695 287 797 333 afuit,
827 295 986 336 actaque
1016 287 1135 324 multo

120 359 263 396 perque
291 354 439 384 uterum
469 347 595 383 sonitu
622 358 766 395 perque
794 346 856 383 ilia
884 347 985 384 venit
1014 346 1200 383 harundo.

123 406 281 443 Saucius
310 412 348 443 at
377 406 593 455 quadrupes
622 412 715 442 nota
743 406 839 442 intra
869 412 967 442 tecta
995 404 1130 453 refugit

123 465 378 513 successitque
408 476 568 513 gemens
598 464 754 501 stabulis
784 473 995 513 questuque
1027 471 1206 500 cruentus

122 532 234 572 atque
263 523 480 572 imploranti
510 523 638 560 similis
669 530 812 560 tectum
842 535 957 560 omne
985 523 1165 571 replebat.

123 582 236 620 Silvia
263 583 386 631 prima
415 593 532 627 soror,
563 582 699 630 palmis
729 594 910 630 percussa
938 582 1112 627 lacertos,

122 641 303 678 auxilium
332 648 442 678 vocat
471 646 507 677 et
535 640 651 677 duros
681 640 897 677 conclamat
926 648 1107 689 agrestes.

123 700 197 738 Olli
227 700 359 751 (pestis
388 700 489 737 enim
519 701 640 737 tacitis
669 700 759 736 latet
789 711 923 748 aspera
953 698 1069 749 silvis)

122 760 314 809 improvisi
343 759 491 804 adsunt,
521 758 582 796 hic
611 764 710 796 torre
741 767 907 796 armatus
937 761 1088 803 obusto,

124 819 259 868 stipitis
287 818 346 855 hic
375 818 517 867 gravidi
546 819 680 855 nodis:
723 818 827 867 quod
857 818 993 866 cuique
1021 826 1214 866 repertum

124 878 286 922 rimanti,
315 877 431 914 telum
460 878 514 913 ira
543 876 640 914 facit,
698 877 824 914 Vocat
855 878 1009 926 agmina
1040 877 1222 926 Tyrrhus,

124 939 373 987 quadrifidam
402 951 584 988 quercum
614 940 742 976 cuneis
771 947 812 975 ut
842 938 936 976 forte
965 939 1108 975 coactis

123 999 330 1044 scindebat,
360 1008 466 1048 rapta
495 1000 641 1047 spirans
671 999 838 1036 immane
870 1000 1001 1036 securi.

124 1058 176 1094 At
204 1069 315 1095 saeva
344 1070 364 1094 e
393 1058 555 1106 speculis
584 1065 736 1107 tempus
767 1058 838 1095 dea
867 1066 979 1095 nacta
1008 1058 1176 1095 nocendi

125 1117 241 1154 ardua
268 1123 367 1154 tecta
394 1118 487 1165 petit
517 1116 651 1154 stabuli
681 1123 717 1153 et
746 1116 793 1154 de
822 1117 986 1154 culmine
1016 1129 1169 1154 summo

125 1177 313 1226 pastorale
342 1177 441 1214 canit
470 1177 621 1225 signum
651 1188 848 1225 cornuque
878 1189 1035 1214 recurvo

128 1238 352 1274 Tartaream
381 1237 542 1274 intendit
570 1249 713 1282 vocem,
747 1250 822 1286 qua
851 1238 1024 1286 protinus
1055 1249 1170 1274 omne

127 1297 352 1334 contremuit
381 1308 517 1333 nemus
546 1303 582 1333 et
611 1296 724 1333 silvae
754 1298 957 1333 insonuere
987 1296 1222 1345 profundae;

128 1356 243 1393 audiit
272 1363 309 1393 et
338 1354 487 1392 Triviae
517 1355 630 1404 longe
660 1356 774 1399 lacus,
805 1355 921 1391 audiit
951 1355 1074 1391 amnis

128 1415 332 1466 sulphurea
361 1414 442 1452 Nar
471 1415 577 1452 albus
607 1427 706 1464 aqua
735 1414 935 1463 fontesque
966 1414 1102 1459 Velini,

127 1483 164 1512 et
191 1474 358 1525 trepidae
386 1481 526 1511 matres
555 1486 727 1523 pressere
757 1474 806 1510 ad
833 1481 990 1522 pectora
1018 1483 1141 1510 natos.

128 1535 234 1571 Tum
262 1546 350 1571 vero
379 1533 428 1570 ad
457 1545 591 1571 vocem
621 1534 773 1577 celeres,
803 1545 879 1582 qua
907 1533 1069 1569 buccina
1099 1533 1252 1582 signum

128 1594 208 1630 dira
235 1593 349 1638 dedit,
378 1593 495 1641 raptis
524 1602 754 1629 concurrunt
783 1592 952 1640 undique
982 1591 1064 1629 telis

128 1653 303 1691 indomiti
331 1652 539 1701 agricolae;
579 1664 650 1689 nec
679 1664 759 1689 non
789 1659 825 1688 et
855 1652 977 1688 Troia
1006 1651 1127 1700 pubes

128 1712 296 1750 Ascanio
325 1712 506 1749 auxilium
535 1713 664 1749 castris
694 1711 854 1748 effundit
883 1711 1032 1760 apertis.

128 1773 310 1809 Direxere
340 1772 450 1809 acies.
509 1770 601 1808 Non
629 1772 706 1808 iam
735 1771 940 1808 certamine
970 1772 1121 1819 agresti,

129 1832 317 1882 stipitibus
345 1831 447 1868 duris
475 1831 598 1880 agitur
627 1831 832 1867 sudibusve
861 1831 1057 1879 praeustis,

129 1892 197 1929 sed
225 1891 322 1928 ferro
351 1890 504 1939 ancipiti
530 1890 743 1935 vdecernunt
773 1897 929 1938 atraque
959 1889 1032 1926 late

128 1950 312 1987 horrescit
340 1950 475 1986 strictis
505 1961 614 1998 seges
643 1950 798 1986 ensibus
827 1961 988 1998 aeraque
1017 1947 1164 1997 fulgent

129 2009 209 2046 sole
237 2009 410 2046 lacessita
438 2015 475 2045 et
503 2008 628 2045 lucem
658 2008 728 2045 sub
757 2007 887 2044 nubila
916 2008 1081 2044 iactant:

128 2069 266 2105 fluctus
294 2070 346 2104 uti
374 2068 499 2116 primo
529 2068 655 2116 coepit
684 2079 772 2104 cum
801 2067 992 2104 albescere
1021 2072 1134 2103 vento

129 2127 313 2177 paulatim
343 2139 425 2164 sese
455 2127 549 2164 tollit
578 2139 683 2164 mare
713 2135 749 2163 et
779 2126 889 2163 altius
917 2126 1041 2163 undas

129 2186 246 2235 erigit,
277 2185 365 2223 inde
393 2186 472 2223 imo
501 2186 698 2234 consurgit
727 2185 777 2222 ad
805 2184 957 2222 aethera
985 2184 1117 2222 fundo.

130 2246 207 2283 Hic
236 2245 381 2282 iuvenis
413 2246 573 2294 primam
602 2253 689 2282 ante
720 2245 841 2281 aciem
871 2244 1050 2281 stridente
1081 2244 1229 2292 sagitta,

130 2314 308 2343 natorum
337 2305 475 2354 Tyrrhi
505 2306 624 2343 fuerat
653 2306 717 2354 qui
746 2305 948 2349 maximus,
979 2305 1108 2349 Almo,

131 2365 329 2411 sternitum
369 2364 489 2402 haesit
518 2365 622 2401 enim
652 2365 723 2401 sub
753 2372 903 2412 gutture
934 2363 1069 2401 vulnus
1098 2372 1135 2401 et
1165 2363 1262 2400 udae

589 2439 661 2480 528.
688 2437 825 2480 ‘ponto’
843 2444 929 2470 most
947 2437 1041 2469 codd.

1427 65 1505 107 223

1447 713 1507 743 505

1445 1011 1508 1043 510

1449 1310 1509 1342 5¹5

1453 1903 1514 1935 525
