1669 2737
601 540 1085 603 AENEIS.

498 725 748 768 LIBER
797 724 1177 766 TERTIUS.

144 844 383 888 ‘POSTQUAM
410 856 470 882 res
498 844 614 882 Asiae
644 844 861 893 Priamique
890 851 1057 882 evertere
1086 850 1244 892 gentem

142 904 372 941 immeritam
398 904 522 941 visum
551 904 709 953 superis,
739 903 952 953 ceciditque
981 904 1190 952 superbum

142 962 256 1000 Ilium
283 969 321 1000 et
349 962 476 1000 omnis
504 961 624 1000 humo
654 962 775 1000 fumat
804 961 1001 1011 Neptunia
1030 963 1162 1002 Troia,

142 1022 291 1060 diversa
318 1021 450 1059 exsilia
477 1028 515 1059 et
543 1021 711 1059 desertas
741 1034 922 1071 quaerere
951 1028 1068 1059 terras

141 1081 307 1130 auguriis
336 1080 486 1130 agimur
513 1080 654 1126 divum,
682 1081 923 1129 classemque
953 1081 1022 1118 sub
1053 1081 1137 1129 ipsa

142 1140 344 1178 Antandro
373 1145 410 1177 et
433 1139 620 1188 Phrygiae
649 1140 828 1177 molimur
856 1140 1052 1177 montibus
1081 1138 1175 1176 Idae

141 1199 273 1237 incerti
301 1210 379 1248 quo
408 1197 484 1235 fata
512 1198 644 1244 ferant,
675 1198 740 1235 ubi
769 1199 898 1236 sistere
929 1199 1048 1243 detur,

142 1257 479 1306 contrahimusque
507 1256 617 1294 viros.
673 1256 750 1294 Vix
779 1257 902 1306 prima
930 1258 1125 1306 inceperat
1153 1263 1290 1301 aestas,

142 1325 180 1356 et
208 1324 315 1367 pater
343 1317 533 1354 Anchises
563 1316 653 1353 dare
682 1316 768 1354 fatis
797 1316 880 1354 vela
908 1317 1073 1363 iubebat,

141 1377 251 1415 litora
279 1389 368 1415 cum
396 1377 540 1426 patriae
568 1375 771 1413 lacrimans
805 1383 1014 1425 portusque
1043 1376 1216 1424 relinquo

141 1443 179 1474 et
207 1447 379 1485 campos,
408 1436 473 1472 ubi
503 1434 624 1472 Troia
652 1434 732 1472 fuit.
790 1434 906 1472 Feror
935 1435 1041 1472 exsul
1071 1435 1110 1471 in
1140 1435 1257 1471 altum

142 1507 231 1534 cum
259 1495 377 1533 sociis
405 1500 574 1544 natoque
604 1493 811 1531 Penatibus
840 1500 877 1531 et
905 1494 1056 1542 magnis
1085 1494 1167 1531 Dis.

197 1558 206 1575 ‘
222 1554 345 1592 Terra
372 1553 508 1603 procul
535 1553 650 1591 vastis
679 1553 813 1590 colitur
841 1552 1030 1590 Mavortia
1059 1552 1217 1600 campis,

142 1613 331 1666 (Thraces
359 1610 485 1662 arant)
513 1612 590 1649 acri
620 1612 820 1661 quondam
847 1619 1005 1661 regnata
1034 1611 1226 1661 Lycurgo,

141 1672 350 1723 hospitium
378 1671 578 1721 antiquum
607 1671 750 1709 Troiae
780 1671 950 1720 sociique
980 1670 1155 1715 Penates,

143 1733 235 1771 dum
263 1731 418 1769 fortuna
446 1730 525 1768 fuit.
582 1729 703 1768 Feror
731 1730 818 1776 huc,
848 1736 885 1767 et
913 1730 1021 1767 litore
1051 1741 1165 1767 curvo

141 1791 298 1830 moenia
324 1791 449 1840 prima
476 1789 563 1828 loco
593 1789 679 1827 fatis
708 1790 904 1839 ingressus
934 1789 1084 1838 iniquis,

142 1851 424 1900 Aeneadasque
452 1861 543 1887 meo
571 1861 717 1887 nomen
745 1849 794 1886 de
823 1849 981 1886 nomine
1010 1848 1127 1897 fingo.

198 1909 339 1949 ‘Sacra
365 1908 564 1947 Dionaeae
593 1909 705 1946 matri
735 1908 905 1957 divisque
934 1907 1104 1945 ferebam

143 1969 364 2019 auspicibus
394 1974 620 2018 coeptorum
649 1979 823 2017 operum,
853 1978 1071 2016 superoque
1099 1966 1285 2003 nitentem

144 2028 369 2067 caelicolum
397 2028 479 2077 regi
506 2028 725 2065 mactabam
756 2027 795 2064 in
824 2027 933 2064 litore
962 2032 1124 2063 taurum.

143 2088 259 2127 Forte
287 2087 357 2126 fuit
383 2087 489 2124 iuxta
516 2086 696 2132 tumulus,
727 2098 805 2136 quo
834 2097 977 2123 cornea
1006 2096 1159 2122 summo

143 2147 305 2197 virgulta
333 2153 372 2185 et
400 2146 528 2184 densis
557 2145 756 2183 hastilibus
785 2144 938 2182 horrida
967 2150 1124 2192 myrtus.

144 2206 314 2253 Accessi,
343 2205 578 2254 viridemque
607 2205 657 2242 ab
685 2204 805 2241 humo
834 2203 1046 2240 convellere
1075 2202 1208 2240 silvam

144 2273 319 2311 conatus,
348 2265 465 2303 ramis
493 2271 666 2314 tegerem
694 2270 735 2300 ut
763 2262 1029 2300 frondentibus
1058 2274 1154 2307 aras,

144 2325 380 2363 horrendum
407 2330 445 2361 et
474 2323 579 2361 dictu
607 2322 718 2360 video
747 2321 919 2358 mirabile
949 2327 1175 2358 monstrum.

145 2384 250 2423 Nam
279 2396 376 2434 quae
406 2383 530 2433 prima
559 2382 643 2420 solo
672 2382 794 2430 ruptis
823 2381 1012 2418 radicibus
1040 2381 1155 2418 arbos

145 2444 302 2491 vellitur,
331 2442 419 2482 huic
447 2449 529 2481 atro
557 2441 751 2492 liquuntur
779 2440 967 2489 sanguine
995 2446 1125 2490 guttae

1495 1389 1534 1410 10

1497 1980 1537 2002 20
