1669 2737
184 77 241 124 46
737 81 1024 118 GEORGJCA.

185 202 274 228 arva
302 190 410 228 solo:
450 190 490 228 id
518 190 618 228 venti
650 196 783 228 curant
810 190 1034 240 gelidaeque
1065 189 1223 240 pruinae

184 259 222 289 et
250 251 436 288 labefacta
463 263 624 288 movens
653 251 833 288 robustus
863 251 992 300 iugera
1020 251 1159 290 fossor.

184 313 237 350 At
267 313 296 350 si
326 324 423 361 quos
451 312 555 349 haud
583 312 660 349 ulla
688 312 787 349 viros
816 312 1009 360 vigilantia
1038 312 1147 361 fugit,

185 378 273 408 ante
302 371 430 408 locum
459 371 622 408 similem
652 371 866 418 exquirunt,
896 372 961 407 ubi
991 371 1113 420 prima
1141 377 1294 420 paretur

185 430 383 467 arboribus
411 441 534 478 seges,
564 437 601 467 et
630 442 706 479 quo
738 442 830 466 mox
860 430 1009 478 digesta
1037 430 1187 476 feratur,

184 495 370 526 mutatam
400 488 579 536 ignorent
607 490 733 527 subito
763 501 812 525 ne
842 490 989 526 semina
1017 496 1191 526 matrem.

186 548 291 594 Quin
321 548 435 585 etiam
465 547 557 584 caeli
586 549 788 597 regionem
818 549 857 585 in
888 548 1030 586 cortice
1061 548 1225 597 signant,

183 615 224 646 ut
254 620 331 657 quo
361 619 536 656 quaeque
564 609 683 645 modo
715 608 868 653 steterit,
899 620 976 657 qua
1003 615 1110 657 parte
1140 608 1285 646 calores

184 668 373 705 austrinos
402 667 535 712 tulerit,
566 679 663 716 quae
693 675 800 717 terga
828 668 1029 705 obverterit
1058 668 1129 713 axi,

184 728 404 765 restituant:
445 728 543 764 adeo
572 729 612 764 in
640 729 780 766 teneris
810 740 1062 766 consuescere
1091 727 1253 764 multum
1281 733 1349 765 est.
1372 777 1375 780 Ι

185 787 356 825 Collibus
386 800 435 824 an
465 787 581 836 plano
611 789 746 826 melius
777 789 823 826 sit
851 799 998 836 ponere
1028 787 1153 832 vitem,

183 859 323 896 quaere
353 847 465 896 prius.
524 846 564 883 Si
593 848 747 896 pinguis
776 859 890 896 agros
919 847 1112 884 metabere
1143 847 1281 895 campi,

183 908 305 943 densa
333 918 440 943 sere:
480 906 519 942 in
548 905 670 943 denso
701 919 780 943 non
810 907 965 954 segnior
993 906 1110 943 ubere
1141 905 1326 943 Bacchus.

184 966 248 1003 Sin
279 966 433 1003 tumulis
462 966 603 1003 acclive
633 967 758 1004 solum
789 966 982 1015 collesque
1011 966 1183 1014 supinos,

182 1025 337 1074 indulge
367 1025 589 1071 ordinibus;
630 1037 702 1062 nec
732 1026 847 1062 setius
877 1026 1004 1062 omnis
1034 1025 1072 1061 in
1101 1036 1272 1073 unguem

181 1085 381 1122 arboribus
410 1085 544 1134 positis
574 1092 680 1122 secto
711 1085 770 1122 via
799 1086 914 1122 limite
945 1085 1125 1134 quadret:

180 1152 222 1182 ut
251 1157 365 1193 saepe
394 1145 539 1192 ingenti
568 1145 670 1181 bello
701 1157 789 1182 cum
818 1145 935 1193 longa
965 1145 1143 1182 cohortes

181 1204 363 1253 explicuit
391 1204 502 1252 legio,
533 1209 570 1240 et
600 1216 739 1253 campo
771 1205 871 1241 stetit
901 1216 1041 1252 agmen
1071 1210 1216 1253 aperto,

182 1265 420 1312 directaeque
450 1263 562 1308 acies,
593 1275 637 1299 ac
667 1263 741 1300 late
772 1263 928 1300 fluctuat
957 1264 1086 1300 omnis

180 1336 266 1361 aere
294 1324 481 1361 renidenti
511 1324 631 1369 tellus,
662 1325 829 1362 necdum
858 1324 1011 1361 horrida
1040 1325 1202 1362 miscent

179 1387 336 1436 proelia,
367 1386 434 1424 sed
464 1387 601 1424 dubius
631 1388 767 1425 mediis
797 1387 902 1424 Mars
931 1394 1028 1425 errat
1056 1388 1094 1424 in
1125 1387 1250 1424 armis.

180 1448 324 1485 Omnia
353 1448 427 1484 sint
456 1447 612 1495 paribus
642 1448 811 1485 numeris
841 1447 1018 1484 dimensa
1046 1448 1217 1492 viarum;

178 1520 258 1544 non
287 1508 459 1544 animum
488 1508 608 1545 modo
636 1509 689 1545 uti
719 1515 851 1556 pascat
880 1514 1108 1556 prospectus
1139 1509 1305 1552 inanem,

179 1567 246 1604 sed
275 1568 364 1616 quia
392 1578 472 1603 non
502 1567 607 1605 aliter
635 1568 733 1604 vires
762 1568 867 1604 dabit
896 1568 1075 1604 omnibus
1105 1578 1248 1615 aequas

178 1636 287 1673 terra,
317 1639 442 1676 neque
472 1628 510 1664 in
539 1640 703 1664 vacuum
732 1634 911 1676 poterunt
941 1639 980 1663 se
1011 1627 1215 1663 extendere
1245 1626 1351 1663 rami.

232 1689 406 1726 Forsitan
435 1695 472 1725 et
501 1689 699 1725 scrobibus
730 1700 827 1737 quae
858 1689 933 1725 sint
963 1687 1112 1736 fastigia
1140 1699 1325 1736 quaeras:

179 1750 300 1786 ausim
329 1748 387 1784 vel
416 1749 519 1785 tenui
548 1748 663 1784 vitem
691 1748 930 1785 committere
960 1747 1077 1784 sulco.

177 1808 301 1845 Altior
330 1819 374 1844 ac
403 1808 555 1855 penitus
584 1813 703 1844 terrae
734 1806 908 1855 defigitur
938 1806 1065 1851 arbos,

177 1866 350 1904 aesculus
380 1866 418 1902 in
447 1866 590 1915 primis,
621 1877 719 1914 quae
749 1873 934 1914 quantum
963 1867 1101 1902 vertice
1130 1864 1179 1902 ad
1208 1876 1318 1902 auras

177 1926 372 1970 aetherias,
403 1932 551 1962 tanturn
580 1926 707 1962 radice
736 1924 775 1961 in
805 1924 966 1961 Tartara
994 1924 1126 1961 tendit.

175 1984 281 2033 Ergo
310 1996 390 2021 non
419 1984 564 2021 hiemes
594 1984 706 2028 illam,
738 1995 818 2020 non
848 1983 970 2019 flabra
999 1994 1126 2030 neque
1154 1982 1296 2019 imbres

176 2045 416 2082 convellunt:
457 2045 618 2082 immota
647 2051 790 2089 manet,
820 2044 1039 2091 multosque
1070 2049 1241 2091 nepotes,

174 2107 294 2143 multa
323 2107 441 2143 virum
471 2107 626 2143 volvens
655 2105 829 2143 durando
860 2105 1010 2142 saecula
1038 2104 1164 2140 vincit.

174 2166 278 2203 Tum
303 2166 417 2202 fortes
442 2165 514 2202 late
543 2177 672 2202 ramos
702 2171 740 2201 et
767 2163 946 2201 bracchia
976 2163 1139 2200 tendens

174 2227 250 2264 huc
279 2227 365 2263 illuc
395 2227 522 2263 media
550 2226 634 2275 ipsa
664 2227 861 2274 ingentem
891 2224 1050 2261 sustinet
1078 2224 1266 2261 umbram.

228 2287 336 2325 Neve
365 2287 431 2324 tibi
460 2287 510 2324 ad
540 2287 661 2324 solem
691 2292 848 2334 vergant
877 2286 1002 2322 vineta
1031 2284 1244 2330 cadentem,

174 2358 268 2383 neve
298 2347 395 2382 inter
423 2345 515 2382 vites
544 2345 716 2394 corylum
747 2357 851 2390 sere;
891 2355 986 2380 neve
1015 2342 1165 2391 flagella

175 2418 326 2444 summa
353 2412 440 2454 pete
470 2412 534 2441 aut
563 2417 714 2441 summa
743 2404 914 2452 defringe
944 2416 991 2440 ex
1019 2404 1153 2439 arbore
1182 2402 1333 2451 plantas

175 2467 317 2518 (tantus
346 2478 453 2504 amor
481 2464 619 2516 terrae)
650 2478 725 2504 neu
755 2465 854 2503 ferro
885 2464 993 2502 laede
1022 2471 1178 2502 retunso

1515 319 1575 359 265

1514 622 1577 654 270

1511 1210 1574 1240 280

1510 1514 1569 1553 285

1507 1822 1570 1854 290

1505 2119 1566 2152 295

1499 2418 1564 2448 300
