1669 2737
581 79 748 113 LIBER
777 78 833 115 II.
866 84 1075 128 224—301.

135 190 360 239 Pelidesque
390 188 672 238 Neoptolemus
699 189 922 238 primusque
952 187 1150 225 Machaon

135 257 172 286 et
201 248 403 286 Menelaus
433 254 469 285 et
498 248 580 297 ipse
610 248 688 285 doli
717 248 921 285 fabricator
950 246 1094 296 Epeos.

135 308 326 345 Invadunt
353 308 487 344 urbem
517 319 656 344 somno
685 308 851 356 vinoque
882 306 1092 355 sepultam,

135 367 346 403 caeduntur
375 365 517 414 vigiles,
549 366 743 415 portisque
772 366 991 414 patentibus
1021 376 1158 401 omnes

135 425 326 473 accipiunt
355 425 482 461 socios
511 431 625 473 atque
655 425 809 473 agmina
837 425 993 462 conscia
1022 424 1198 472 iungunt.

189 483 389 532 ‘Tempus
418 490 507 528 erat,
538 495 615 532 quo
643 485 767 532 prima
795 485 903 533 quies
932 483 1154 520 mortalibus
1184 482 1308 531 aegris

135 543 266 592 incipit
295 550 332 579 et
363 542 467 579 dono
498 542 625 579 divum
654 544 868 591 gratissima
897 543 1022 591 serpit.

136 602 182 640 In
212 603 357 640 somnis
386 614 476 640 ecce
507 610 594 639 ante
623 603 757 640 oculos
786 603 1062 640 maestissimus
1093 602 1241 639 Hector

135 663 236 700 visus
265 663 401 700 adesse
430 662 522 699 mihi
550 663 754 712 largosque
784 663 980 700 effundere
1009 663 1133 708 fletus,

135 728 303 771 raptatus
332 722 431 770 bigis
460 728 501 759 ut
529 723 726 770 quondam
758 730 911 771 aterque
942 730 1101 759 cruento

136 782 289 831 pulvere
318 794 462 830 perque
491 782 609 830 pedes
638 783 814 819 traiectus
845 783 926 820 lora
956 790 1160 820 tumentes.

138 841 215 878 Hei
243 840 335 877 mihi
365 840 486 889 qualis
515 847 604 886 erat,
636 850 821 890 quantum
851 848 1018 879 mutatus
1049 842 1097 878 ab
1126 841 1189 879 illo

138 900 319 945 Hectore,
350 900 415 949 qui
444 899 539 936 redit
569 901 725 938 exuvias
754 901 909 938 indutus
939 901 1076 937 Achilli

137 960 195 997 vel
223 959 402 996 Danaum
433 959 618 1008 Phrygios
648 960 832 997 iaculatus
862 961 1055 1009 puppibus
1085 961 1205 1009 ignes,

139 1019 376 1068 squalentem
405 1019 562 1055 barbam
592 1026 629 1056 et
657 1028 857 1057 concretos
887 1020 1073 1068 sanguine
1103 1019 1225 1056 crines

138 1079 369 1128 vulneraque
398 1079 458 1116 illa
487 1091 636 1127 gerens,
667 1092 764 1128 quae
795 1080 937 1116 circum
969 1080 1129 1128 plurima
1158 1091 1289 1117 muros

139 1139 286 1188 accepit
314 1139 476 1188 patrios!
517 1139 615 1176 ultro
644 1139 741 1176 flens
769 1139 851 1187 ipse
881 1139 1038 1175 videbar

140 1198 369 1247 compellare
399 1198 519 1235 virum
549 1206 585 1235 et
614 1208 779 1235 maestas
808 1210 1034 1246 expromere
1063 1209 1198 1235 voces:

141 1256 213 1295 “O
243 1257 307 1294 lux
335 1257 563 1303 Dardaniae,
593 1269 682 1307 spes
713 1270 736 1295 o
767 1257 949 1294 fidissima
978 1256 1185 1301 Teucrum,

141 1329 238 1366 quae
267 1325 395 1354 tantae
424 1325 578 1354 tenuere
607 1318 764 1355 morae?
804 1317 941 1366 quibus
971 1316 1119 1354 Hector
1149 1317 1197 1354 ab
1227 1319 1303 1354 oris

141 1383 359 1425 exspectate
388 1377 518 1414 venis?
557 1386 597 1414 ut
625 1384 661 1414 te
691 1384 777 1425 post
808 1376 925 1412 multa
954 1384 1105 1412 tuorum

141 1435 285 1481 funera,
315 1443 403 1484 post
431 1437 554 1474 varios
582 1436 860 1484 hominumque
891 1436 1070 1483 urbisque
1099 1434 1249 1472 labores

143 1495 281 1532 defessi
310 1495 534 1543 aspicimus!
574 1507 673 1544 quae
704 1507 818 1532 causa
848 1495 1006 1543 indigna
1036 1506 1192 1531 serenos

143 1553 308 1591 foedavit
336 1554 484 1591 vultus?
523 1560 587 1591 aut
617 1566 683 1591 cur
712 1553 807 1591 haec
836 1554 991 1590 vulnera
1020 1552 1193 1591 cerno?”

141 1613 209 1650 Ille
238 1613 341 1657 nihil,
372 1624 443 1650 nec
473 1625 535 1650 me
563 1621 808 1662 quaerentem
837 1624 935 1649 vana
964 1619 1140 1656 moratur,

143 1672 211 1709 sed
239 1672 399 1721 graviter
427 1672 592 1721 gemitus
621 1673 700 1709 imo
730 1672 776 1709 de
807 1683 960 1720 pectore
991 1672 1135 1708 ducens

144 1730 271 1768 “Heu
300 1730 398 1779 fuge,
428 1739 517 1768 nate
548 1732 629 1777 dea,
660 1738 774 1781 teque
803 1731 861 1768 his
875 1730 895 1744 ⁷²
924 1732 976 1768 ait
1006 1732 1142 1779 “eripe
1172 1730 1344 1769 flammis.

144 1790 280 1828 Hostis
308 1790 424 1828 habet
452 1803 595 1836 muros,
625 1791 697 1828 ruit
726 1791 802 1828 alto
832 1803 855 1827 a
884 1790 1049 1827 culmine
1080 1790 1210 1827 Troia.

146 1850 213 1887 Sat
240 1850 384 1900 patriae
412 1849 644 1899 Priamoque
674 1849 828 1887 datum:
870 1851 900 1887 si
930 1850 1116 1898 Pergama
1145 1850 1275 1886 dextra

145 1909 298 1947 defendi
325 1917 497 1958 possent,
527 1910 642 1948 etiam
671 1910 743 1947 hac
773 1909 930 1947 defensa
959 1910 1127 1946 fuissent.

147 1968 262 2006 Sacra
290 1980 457 2017 suosque
486 1969 553 2006 tibi
583 1966 830 2006 commendat
858 1968 977 2006 Troia
1006 1968 1192 2006 Penates:

146 2028 218 2065 hos
247 2040 342 2077 cape
371 2028 536 2065 fatorum
566 2029 737 2073 comites,
769 2028 826 2065 his
856 2028 1010 2065 moenia
1039 2040 1190 2076 quaere,

145 2099 289 2136 magna
316 2095 508 2136 pererrato
538 2095 679 2125 statues
709 2099 807 2136 quae
839 2087 1004 2135 denique
1033 2086 1191 2135 pont0.”

148 2147 210 2185 Sic
240 2147 300 2193 ait,
330 2154 367 2184 et
394 2147 573 2185 manibus
601 2148 710 2184 vittas
739 2147 975 2195 Vestamque
1005 2154 1202 2195 potentem

147 2214 419 2256 aeternumque
448 2207 570 2256 adytis
598 2207 706 2244 effert
735 2207 990 2255 penetralibus
1020 2207 1163 2254 ignem.

180 2265 361 2303 ‘Diverso
390 2266 534 2303 interea
562 2266 767 2304 miscentur
795 2266 950 2302 moenia
979 2265 1091 2310 luctu,

148 2332 186 2362 et
213 2325 336 2374 magis
363 2332 476 2373 atque
505 2325 641 2372 magis,
672 2336 906 2373 quamquam
937 2335 1081 2361 secreta
1111 2324 1279 2373 parentis

150 2384 343 2422 Anchisae
373 2384 511 2421 domus
540 2384 816 2432 arboribusque
847 2384 1000 2420 obtecta
1029 2384 1194 2428 recessit,

151 2443 363 2481 clarescunt
392 2443 537 2480 sonitus
567 2454 837 2492 armorumque
867 2442 1004 2491 ingruit
1033 2441 1176 2480 horror.

1447 83 1519 110 111

1467 914 1525 944 275

1473 1806 1532 1837 290

1474 2102 1535 2133 ²95
