1669 2737
572 88 741 123 LIBER
768 89 819 126 X.
852 84 1065 138 341-418.

127 195 271 235 Obvius
298 197 386 236 huic
414 196 588 246 primum,
618 196 703 234 fatis
732 196 917 235 adductus
948 198 1102 247 iniquis,

126 256 168 293 fit
196 256 334 305 Lagus.
393 256 522 301 Hunc,
553 268 696 305 magno
725 257 824 294 vellit
853 258 945 294 dum
974 258 1146 306 pondere
1175 269 1321 301 saxum,

125 315 266 353 intorto
294 316 375 365 figit
403 316 491 360 telo,
523 316 744 354 discrimina
775 317 891 353 costis

126 385 194 424 per
221 375 391 412 medium
419 387 496 424 qua
524 375 634 425 spina
664 373 790 420 dabat,
822 374 1048 424 hastamque
1077 382 1244 425 receptat

127 434 274 471 ossibus
303 434 531 471 haerentem.
590 433 719 480 Quem
748 446 828 471 non
859 446 972 483 super
1000 442 1164 483 occupat
1194 434 1331 479 Hisbo,

125 494 185 532 ille
214 494 369 544 quidem
398 494 472 532 hoc
501 506 682 543 sperans:
723 507 811 532 nam
842 494 964 532 Pallas
997 502 1085 532 ante
1115 502 1299 539 ruentem,

126 553 218 591 dum
246 554 341 599 furit,
370 555 565 591 incautum
594 553 734 591 crudeli
764 560 888 590 morte
918 554 1060 591 sodalis

125 614 265 663 excipit
293 620 407 662 atque
435 625 567 650 ensem
596 613 743 650 tumido
771 613 810 649 in
839 613 1023 661 pulmone
1053 613 1234 650 recondit.

126 672 230 710 Hinc
260 673 459 710 Sthenium
488 672 581 721 petit
609 678 646 709 et
676 671 816 709 Rhoeti
846 672 893 708 de
922 679 1035 720 gente
1065 680 1212 709 vetusta

125 732 419 776 Anchemolum,
447 731 634 769 thalamos
663 742 800 768 ausum
829 731 1016 768 incestare
1046 743 1242 768 novercae.

125 791 208 828 Vos
236 791 360 837 etiam,
390 791 543 840 gemini,
574 790 724 827 Rutulis
754 790 944 827 cecidistis
974 791 1012 827 in
1041 791 1151 839 agris,

124 850 283 897 Daucia,
312 849 448 888 Laride
478 849 764 900 Thymberque,
796 850 986 887 simillima
1014 850 1150 899 proles,

125 910 328 947 indiscreta
356 909 432 947 suis
460 916 665 958 gratusque
695 910 913 958 parentibus
943 921 1068 953 error;

126 976 164 1007 at
192 982 295 1007 nune
325 968 419 1006 dura
448 969 551 1007 dedit
579 969 688 1006 vobis
719 969 935 1006 discrimina
966 969 1110 1007 Pallas:

126 1041 216 1066 nam
245 1028 323 1075 tibi,
354 1028 563 1077 Thymbre,
594 1035 709 1077 caput
737 1027 948 1065 Evandrius
978 1028 1129 1065 abstulit
1157 1027 1286 1074 ensis;

126 1094 163 1125 te
191 1088 318 1125 decisa
346 1099 467 1133 suurn,
499 1087 645 1132 Laride,
677 1087 832 1124 dextera
861 1087 1020 1136 quaerit,

126 1148 445 1196 semianimesque
474 1147 618 1184 micant
647 1145 753 1194 digiti
783 1145 999 1194 ferrumque
1028 1151 1241 1182 retractant.

127 1207 299 1244 Arcadas
327 1216 511 1244 accensos
539 1205 688 1242 monitu
718 1212 754 1242 et
784 1205 980 1254 praeclara
1010 1212 1158 1242 tuentes

128 1265 225 1303 facta
254 1266 319 1303 viri
347 1266 487 1302 mixtus
517 1265 626 1302 dolor
654 1270 691 1301 et
719 1264 843 1313 pudor
872 1270 992 1300 armat
1021 1264 1060 1300 in
1089 1264 1228 1301 hostes.

127 1325 232 1362 Tum
262 1325 384 1363 Pallas
413 1325 551 1374 biiugis
581 1324 788 1373 fugientem
819 1323 993 1360 Rhoetea
1022 1331 1167 1372 praeter

126 1384 269 1422 traiicit.
326 1384 415 1422 Hoc
444 1384 610 1433 spatium
640 1390 864 1432 tantumque
893 1394 1024 1419 morae
1053 1382 1119 1418 fuit
1149 1382 1229 1427 110;

128 1443 187 1482 Ilo
216 1455 383 1493 namque
410 1443 543 1493 procul
570 1442 736 1480 validam
765 1442 952 1479 direxerat
977 1438 1141 1485 hastam,

127 1515 244 1554 quarn
272 1503 420 1540 medius
450 1502 646 1540 Rhoeteus
675 1501 873 1553 intercipit,
903 1502 1049 1550 optime
1079 1500 1259 1545 Teuthra,

128 1571 164 1602 te
193 1562 343 1612 fugiens
371 1562 600 1611 fratremque
629 1562 772 1610 Tyren,
803 1573 991 1610 curruque
1021 1560 1170 1597 volutus

127 1623 251 1661 caedit
279 1622 513 1660 semianimis
543 1621 772 1658 Rutulorum
802 1621 970 1658 calcibus
999 1632 1097 1657 arva.

127 1670 185 1720 Ac
215 1682 314 1719 velut
343 1688 474 1731 optato
504 1682 625 1718 ventis
653 1687 795 1718 aestate
825 1681 965 1717 coortis

128 1742 299 1791 dispersa
326 1741 491 1779 immittit
519 1741 619 1778 silvis
647 1740 824 1777 incendia
852 1747 1004 1789 pastor;

128 1801 310 1850 correptis
340 1801 464 1838 subito
492 1800 629 1837 mediis
658 1799 873 1837 extenditur
902 1812 978 1837 una

127 1860 280 1898 horrida
308 1872 376 1909 per
403 1859 500 1897 latos
530 1860 631 1898 acies
660 1859 848 1897 Vulcania
877 1871 1063 1908 campos;

128 1919 188 1956 ille
217 1919 353 1957 sedens
383 1919 500 1956 victor
529 1918 704 1956 flammas
734 1918 929 1967 despectat
958 1925 1140 1956 ovantes:

129 1991 209 2017 non
238 1979 343 2016 aliter
373 1978 521 2016 socium
549 1978 664 2015 virtus
693 1978 770 2016 coit
798 1979 923 2015 omnis
952 1979 991 2015 in
1021 1989 1139 2015 unum

129 2047 242 2088 teque
271 2038 383 2083 iuvat,
413 2037 528 2075 Palla.
587 2037 663 2075 Sed
692 2038 800 2075 bellis
830 2050 917 2074 acer
947 2037 1137 2074 Halaesus

130 2100 249 2136 tendit
277 2099 316 2135 in
344 2098 523 2135 adversos
554 2109 669 2146 seque
699 2098 738 2133 in
767 2109 834 2134 sua
863 2097 1005 2145 colligit
1035 2108 1149 2133 arma.

131 2158 208 2195 Hic
237 2164 376 2194 mactat
404 2156 566 2194 Ladona
596 2156 832 2205 Pheretaque
862 2155 1225 2202 Demodocumque,

132 2216 350 2266 Strymonio
380 2215 550 2253 dextram
580 2216 736 2264 fulgenti
766 2215 900 2264 deripit
929 2227 1021 2252 ense

131 2277 269 2315 elatam
297 2276 337 2312 in
365 2275 547 2324 iugulum,
579 2287 674 2312 saxo
704 2274 786 2312 ferit
814 2286 880 2311 ora
910 2274 1101 2312 Thoantis

132 2346 296 2385 ossaque
325 2334 501 2383 dispersit
530 2334 687 2372 cerebro
717 2334 904 2382 permixta
933 2341 1104 2370 cruento.

132 2395 226 2432 Fata
254 2405 396 2432 canens
426 2394 524 2431 silvis
553 2393 703 2443 genitor
732 2393 867 2430 celarat
898 2391 1132 2430 Halaesum:

132 2461 174 2492 ut
201 2454 327 2492 senior
355 2453 430 2491 leto
460 2453 634 2492 canentia
663 2452 806 2489 lumina
835 2451 956 2497 solvit,

1452 499 1512 538 385

1451 803 1515 834 390

1452 1100 1512 1132 395

1451 1397 1515 1426 400

1454 1694 1515 1725 405

1455 1991 1519 2021 4¹0

1454 2287 1516 2318 415
