1669 2737
544 77 710 112 LIBER
746 77 829 113 VII.
864 80 1070 123 145—222.

119 184 254 234 captivi
282 183 452 234 pendent
480 196 608 222 currus
638 196 849 233 curvaeque
879 196 1030 222 secures

119 250 155 281 et
183 245 318 282 cristae
347 245 513 294 capitum
542 252 578 282 et
607 253 801 294 portarum
830 245 999 293 ingentia
1028 245 1191 282 claustra

118 303 336 353 spiculaque
363 304 551 354 clipeique
580 310 785 352 ereptaque
814 311 935 340 rostra
965 303 1110 340 carinis.

118 362 209 412 Ipse
238 363 424 410 Quirinali
452 364 544 401 lituo
572 375 764 413 parvaque
793 363 949 400 sedebat

119 422 332 460 succinctus
360 423 487 460 trabea
515 422 695 471 laevaque
724 422 844 460 ancile
873 423 1028 471 gerebat

118 481 241 527 Picus,
270 493 412 531 equum
441 482 627 526 domitor;
666 493 782 529 quem
811 490 922 530 capta
952 481 1128 530 cupidine
1159 482 1327 518 coniunx

119 552 232 577 aurea
260 553 483 589 percussum
512 541 616 589 virga
643 552 870 589 versumque
900 540 1053 578 venenis

119 598 206 637 fecit
235 612 343 637 avem
373 599 484 637 Circe
513 599 725 648 sparsitque
754 599 945 636 coloribus
975 600 1066 637 alas.

119 658 206 696 Tali
234 659 334 697 intus
363 659 506 708 templo
537 658 664 695 divum
692 658 888 707 patriaque
918 658 1075 696 Latinus

119 719 210 755 sede
239 718 377 756 sedens
406 718 579 755 Teucros
608 717 656 753 ad
685 729 766 754 sese
795 718 834 754 in
863 724 961 754 tecta
989 718 1145 762 vocavit,

119 783 233 827 atque
261 777 356 815 haec
383 777 562 825 ingressis
590 776 741 825 placido
771 777 873 826 prior
902 776 1017 813 edidit
1045 789 1135 815 ore:

175 836 330 882 ‘Dicite,
360 835 602 873 Dardanidae
632 834 773 885 (neque
803 836 904 872 enirn
935 836 1125 873 nescimus
1155 842 1192 872 et
1221 836 1353 873 urbem

120 902 156 933 et
184 907 318 944 genus,
347 894 539 943 auditique
569 894 757 931 advertitis
787 906 953 943 aequore
984 894 1166 944 cursum),

120 955 212 1004 quid
240 955 390 1004 petitis?
428 966 526 1003 quae
557 966 671 991 causa
699 961 798 991 rates
828 961 891 991 aut
920 954 1026 991 cuius
1058 962 1213 1002 egentes

120 1014 206 1052 litus
234 1013 284 1051 ad
311 1015 529 1051 Ausonium
557 1020 613 1051 tot
641 1025 707 1062 per
736 1013 834 1051 vada
863 1013 1011 1051 caerula
1042 1014 1167 1051 vexit?

123 1073 207 1111 Sive
237 1085 361 1111 errore
389 1074 471 1110 viae
501 1085 567 1110 seu
596 1073 885 1121 tempestatibus
915 1074 1000 1117 acti,

121 1133 248 1182 qualia
274 1132 393 1170 multa
420 1133 515 1169 mari
544 1140 682 1169 nautae
711 1133 905 1180 patiuntur
932 1132 972 1168 in
1002 1131 1088 1177 alto,

121 1193 287 1231 fluminis
315 1194 482 1230 intrastis
509 1193 609 1242 ripas
638 1200 825 1242 portuque
855 1192 1004 1237 sedetis,

123 1265 172 1290 ne
200 1252 319 1301 fugite
347 1251 555 1300 hospitium
583 1263 678 1288 neve
707 1252 879 1300 ignorate
909 1251 1066 1289 Latinos

125 1312 275 1350 Saturni
303 1318 470 1360 gentem,
499 1310 603 1348 haud
631 1310 754 1348 vinclo
785 1323 856 1348 nec
885 1310 1032 1360 legibus
1063 1323 1236 1361 aequam,

124 1378 261 1420 sponte
291 1382 358 1408 sua
385 1371 594 1419 veterisque
624 1369 685 1407 dei
714 1382 755 1408 se
784 1382 889 1407 more
919 1378 1125 1408 tenentem.

123 1432 252 1480 Atque
279 1429 458 1479 equidem
485 1429 643 1467 memini
673 1428 790 1478 (fama
819 1437 875 1467 est
904 1431 1103 1468 obscurior
1132 1428 1257 1478 annis)

124 1490 330 1527 Auruncos
358 1490 409 1526 ita
437 1488 531 1526 ferre
561 1501 683 1533 senes,
713 1488 772 1526 his
801 1496 907 1527 ortus
936 1496 978 1526 ut
1007 1490 1106 1538 agris

124 1549 328 1586 Dardanus
356 1548 494 1586 Idaeas
524 1548 709 1597 Phrygiae
738 1549 944 1597 penetrarit
974 1549 1023 1586 ad
1052 1549 1165 1586 urbes

125 1609 420 1657 Threiciamque
450 1608 620 1652 Samum,
651 1621 749 1657 quae
778 1621 880 1646 nunc
912 1608 1174 1646 Samothracia
1203 1608 1328 1646 fertur.

126 1669 230 1707 Hinc
258 1668 374 1714 illum,
406 1667 565 1717 Corythi
594 1667 794 1716 Tyrrhena
821 1668 868 1705 ab
899 1667 989 1705 sede
1017 1667 1243 1717 profectum,

125 1740 239 1766 aurea
266 1739 370 1765 nunc
399 1727 496 1764 solio
527 1727 708 1764 stellantis
737 1727 842 1776 regia
870 1727 964 1764 caeli

127 1787 265 1836 accipit
293 1794 330 1824 et
358 1798 561 1824 numerum
591 1786 763 1823 divorum
792 1786 970 1823 altaribus
1000 1786 1135 1836 auget?

179 1846 349 1892 Dixerat,
379 1853 417 1883 et
446 1845 546 1883 dicta
575 1845 744 1883 Ilioneus
774 1846 827 1883 sic
857 1858 952 1883 voce
981 1854 1155 1884 secutus:

129 1905 248 1952 ‘Rex‚
278 1918 401 1954 genus
429 1905 625 1955 egregium
654 1904 788 1949 Fauni,
818 1918 890 1942 nec
919 1905 1095 1942 fluctibus
1126 1912 1230 1942 actos

128 1972 209 2004 atra
237 1966 388 2014 subegit
417 1964 567 2014 hiemps
596 1965 728 2002 vestris
758 1964 961 2001 succedere
990 1966 1108 2009 terris,

128 2037 200 2063 nec
230 2024 332 2062 sidus
359 2024 517 2073 regione
546 2024 628 2061 riae
657 2023 789 2061 litusve
818 2022 967 2060 fefellit:

129 2084 290 2121 consilio
319 2083 418 2120 hanc
446 2095 582 2120 omnes
611 2083 825 2132 animisque
854 2082 1065 2120 volentibus
1094 2083 1226 2120 urbem

130 2143 333 2188 afferimur,
362 2142 460 2192 pulsi
489 2142 625 2191 regnis,
657 2154 754 2191 quae
784 2142 952 2178 maxima
981 2142 1177 2190 quondam

130 2209 301 2240 extremo
329 2202 486 2238 veniens
516 2200 582 2238 Sol
611 2201 819 2250 aspiciebat
848 2200 1028 2249 Olympo.

129 2261 193 2298 Ab
222 2261 314 2298 Iove
343 2260 572 2309 principium
600 2261 762 2309 generis,
793 2259 884 2296 Iove
913 2259 1094 2297 Dardana
1122 2261 1245 2309 pubes

129 2319 271 2368 gaudet
300 2330 383 2363 avo,
412 2331 478 2356 rex
508 2319 588 2367 ipse
618 2319 720 2355 Iovis
751 2319 798 2356 de
826 2325 941 2367 gente
970 2330 1159 2367 suprema,

131 2378 277 2415 Troi‘us
305 2378 468 2422 Aeneas,
497 2385 561 2415 tua
590 2389 662 2414 nos
691 2378 741 2415 ad
770 2378 900 2414 limina
929 2378 1041 2415 misit.

131 2436 287 2484 Quanta
314 2448 383 2486 per
412 2436 551 2475 Idaeos
582 2438 704 2474 saevis
734 2437 857 2475 effusa
887 2436 1061 2486 Mycenis

1416 83 1497 125 215

1440 252 1496 290 185

1441 556 1500 586 190

1442 852 1497 884 195

1443 1149 1502 1170 200

1452 1745 1512 1765 210
