1669 2737
533 74 700 110 LIBER
729 73 785 109 II.
825 66 1033 122 185-262.

86 184 225 224 Talem
254 182 358 222 dives
386 188 467 222 arat
496 181 631 232 Capua
661 188 697 220 et
726 182 849 220 vicina
878 181 1031 219 Vesevo

85 257 153 284 ora
181 245 271 294 iugo
300 250 338 282 et
366 244 495 282 vacuis
525 243 681 281 Clanius
710 254 791 279 non
821 254 967 292 aequus
996 240 1159 278 Acerris.

140 303 256 341 Nunc
285 314 363 352 quo
393 314 585 352 quamque
613 301 733 339 modo
762 301 887 350 possis
918 311 1153 349 cognoscere
1184 298 1320 335 dicam.

86 363 188 401 Rara
216 364 262 402 sit
290 376 339 400 an
371 375 486 413 supra
514 375 662 401 morem
692 362 722 399 si
753 363 873 400 densa
902 361 1068 410 requires

85 421 218 473 (altera
247 421 443 460 frumentis
473 423 655 471 quoniam
686 421 795 465 favet,
826 420 940 457 altera
970 419 1137 464 Baccho,

85 483 204 521 densa
231 483 355 533 magis
384 483 525 529 Cereri,
554 482 744 520 rarissima
773 493 950 530 quaeque
979 479 1139 530 Lyaeo),

85 549 174 580 ante
202 541 333 580 locum
362 542 490 592 capies
520 541 639 579 oculis
670 541 819 590 alteque
848 540 996 577 iubebis

85 601 124 638 in
153 600 277 639 solido
307 607 465 650 puteum
495 599 641 637 demitti
671 610 905 647 omnemque
935 610 1100 647 repones

85 671 212 698 rursus
241 659 401 697 humum
430 665 468 697 et
496 659 657 708 pedibus
687 670 858 695 summas
888 658 1070 706 aequabis
1101 657 1271 694 harenas.

89 720 129 758 Si
159 720 328 765 deerunt,
357 731 483 756 rarum
512 719 718 768 pecorique
747 724 784 755 et
813 718 950 755 vitibus
980 718 1089 754 almis

86 779 212 828 aptius
241 779 335 816 uber
363 778 454 823 erit3
492 778 551 815 sin
579 778 618 814 in
647 789 716 814 sua
745 788 860 825 posse
890 776 1085 824 negabunt

85 839 138 876 ire
166 838 252 876 loca
279 844 316 876 et
345 838 543 876 scrobibus
573 837 765 886 superabit
793 843 890 873 terra
919 836 1082 885 repletis,

86 898 230 947 spissus
259 908 373 946 ager:
412 896 568 945 glaebas
597 902 819 934 cunctantes
849 907 1054 944 crassaque
1084 901 1190 943 terga

86 963 268 1006 exspecta
296 963 333 993 et
361 955 494 993 validis
523 963 661 993 terram
690 954 894 1004 proscinde
923 954 1104 992 iuvencis.

88 1017 197 1055 Salsa
224 1023 351 1054 autem
380 1015 488 1053 tellus
517 1022 555 1053 et
584 1027 682 1064 quae
711 1014 930 1064 perhibetur
959 1026 1099 1059 amara,

86 1076 257 1124 frugibus
286 1074 415 1112 infelix
444 1073 505 1126 (ea
534 1086 605 1111 nec
636 1074 870 1111 mansuescit
899 1073 1058 1117 arando,

85 1147 158 1173 nec
188 1134 344 1172 Baccho
373 1146 495 1183 genus
525 1140 588 1171 aut
617 1134 744 1183 pomis
774 1145 842 1170 sua
871 1133 1029 1169 nomina
1059 1130 1211 1183 servat),

86 1193 159 1232 tale
189 1193 293 1230 dabit
322 1192 540 1241 specimen:
579 1199 618 1229 tu
649 1193 773 1240 spisso
803 1192 944 1228 vimine
975 1191 1111 1240 qualos

87 1253 247 1301 colaque
276 1252 468 1301 prelorum
496 1250 657 1288 fumosis
687 1251 815 1300 deripe
846 1250 976 1296 tectis;

86 1312 162 1349 huc
191 1323 282 1360 ager
311 1311 372 1347 ille
401 1310 523 1347 malus
553 1310 759 1359 dulcesque
789 1322 811 1347 a
840 1309 1007 1347 fontibus
1037 1308 1165 1347 undae

88 1373 136 1411 ad
164 1373 321 1422 plenum
350 1372 564 1410 calcentur:
605 1384 704 1421 aqua
733 1371 956 1408 eluctabitur
986 1372 1113 1408 omnis

87 1432 229 1471 scilicet
258 1438 293 1469 et
321 1431 484 1481 grandes
512 1431 620 1468 ibunt
649 1443 715 1480 per
744 1431 885 1467 vimina
912 1438 1065 1479 guttae;

87 1500 126 1531 at
154 1504 270 1542 sapor
298 1492 479 1529 indicium
509 1491 620 1529 faciet
648 1491 883 1538 manifestus,
914 1498 951 1529 et
980 1503 1048 1529 ora

87 1552 209 1590 tristia
239 1557 492 1600 temptantum
522 1563 638 1588 sensu
667 1552 856 1600 torquebit
885 1562 1030 1588 amaro.

89 1611 246 1660 Pinguis
275 1611 367 1648 item
395 1622 493 1659 quae
522 1611 569 1647 sit
598 1610 717 1654 tellus,
747 1611 822 1648 hoc
852 1610 1017 1659 denique
1046 1616 1162 1659 pacto

89 1670 296 1708 discimus:
336 1669 440 1706 haud
468 1681 654 1719 umquam
682 1669 859 1706 manibus
890 1669 1026 1706 iactata
1055 1668 1203 1713 fatiscit,

89 1729 157 1767 sed
185 1729 279 1778 picis
308 1729 348 1765 in
375 1740 523 1766 morem
552 1728 602 1766 ad
630 1728 770 1777 digitos
799 1728 973 1766 lentescit
1002 1727 1193 1764 habendo.

90 1788 234 1827 Umida
262 1789 428 1827 maiores
457 1788 594 1826 herbas
624 1788 698 1834 alit,
728 1789 888 1838 ipsaque
919 1788 1020 1825 iusto

89 1849 231 1887 laetior.
289 1848 363 1894 Ah,
393 1848 554 1885 nimium
582 1860 630 1885 ne
661 1848 707 1885 sit
736 1847 828 1884 mihi
858 1847 988 1885 fertilis
1017 1846 1079 1885 illa

91 1921 167 1948 neu
195 1921 238 1947 se
267 1909 523 1959 praevalidam
552 1909 682 1959 primis
712 1908 890 1946 ostendat
920 1908 1063 1945 aristis!

93 1968 204 2015 Quae
232 1969 357 2017 gravis
387 1975 444 2006 est
473 1969 557 2017 ipso
588 1968 742 2005 tacitam
771 1980 811 2005 se
841 1967 1012 2016 pondere
1041 1967 1180 2016 prodit,

1418 71 1473 116 45

1415 1444 1473 1477 245

92 2039 266 2077 quaeque
296 2026 398 2065 levis.
455 2026 683 2076 Promptum
711 2034 768 2064 est
797 2027 917 2064 oculis
947 2026 1186 2075 praediscere
1216 2025 1378 2075 nigram,
1420 2039 1478 2072 255

92 2094 130 2125 et
158 2089 242 2138 quis
272 2088 333 2126 cui
361 2087 480 2126 color.
537 2088 589 2124 At
618 2087 844 2125 sceleratum
873 2087 1071 2136 exquirere
1102 2086 1219 2136 frigus

93 2146 241 2184 difficile
271 2154 348 2185 est:
386 2147 518 2196 piceae
546 2152 696 2183 tantum
726 2146 880 2195 taxique
909 2153 1095 2183 nocentes

92 2207 281 2246 interdum
309 2215 374 2246 aut
402 2207 566 2245 hederae
595 2208 770 2257 pandunt
799 2207 958 2255 vestigia
987 2207 1130 2255 nigrae.

147 2266 222 2304 His
251 2266 522 2305 animadversis
551 2273 690 2304 terram
718 2265 837 2302 multo
869 2272 956 2302 ante
985 2271 1183 2302 memento

94 2336 310 2375 excoquere
340 2332 378 2363 et
406 2337 571 2375 magnos
600 2325 797 2362 scrobibus
827 2323 1028 2362 concidere
1057 2330 1222 2369 montes,

94 2392 182 2424 ante
210 2386 403 2435 supinatas
431 2385 615 2434 Aquiloni
644 2384 846 2422 ostendere
875 2384 1042 2433 glaebas,

97 2457 213 2496 quam
240 2445 383 2484 laetum
411 2445 575 2484 infodias
605 2445 688 2483 vitis
718 2456 853 2494 genus.
911 2443 1070 2495 Optima
1098 2443 1199 2494 putri

1420 2329 1481 2360 260
