1669 2737
530 69 697 104 LIBER
726 69 800 104 IX.
838 62 887 103 18
891 63 1044 116 5-262-

157 177 294 217 Cetera
322 191 390 229 per
420 185 536 217 terras
564 190 699 217 omnes
730 177 907 215 animalia
935 187 1073 215 somno

103 238 280 276 laxabant
308 251 418 276 curas
445 246 483 276 et
512 239 628 276 corda
656 237 772 274 oblita
801 237 997 283 laborum3

104 297 280 335 ductores
310 297 505 336 Teucrum
534 297 656 347 primi,
689 296 834 334 delecta
862 297 1048 340 iuventus,

104 357 306 395 consilium
335 358 494 394 summis
522 357 629 406 regni
659 356 706 393 de
734 356 845 393 rebus
874 355 1077 400 habebant,

105 417 196 466 quid
224 416 391 455 facerent
420 419 550 466 quisve
580 417 734 453 Aeneae
764 417 839 453 iam
869 416 1024 453 nuntius
1053 420 1163 452 esset.

106 474 214 512 Stant
241 475 366 524 longis
395 476 525 513 annixi
553 475 681 518 hastis,
712 481 750 512 et
779 482 886 512 scuta
914 480 1102 519 tenentes,

105 540 315 572 castrorum
342 541 380 572 et
408 535 532 584 campi
561 534 700 572 medio.
757 534 863 581 Tum
894 533 1011 571 Nisus
1041 540 1077 570 et
1106 544 1182 570 una

105 593 291 643 Euryalus
321 594 521 631 confestim
550 593 692 631 alacres
723 593 912 630 admittier
942 599 1075 629 orant:

104 665 186 690 rem
214 665 408 702 magnam,
437 653 674 702 pretiumque
703 664 834 688 morae
864 651 956 688 fore.
1016 651 1166 688 Primus
1197 649 1301 687 Iulus

106 713 255 762 accepit
281 712 450 761 trepidos
479 724 524 750 ac
552 711 689 749 Nisum
720 711 844 748 dicere
873 711 991 748 iussit.

105 770 210 808 Tum
239 771 292 809 sic
321 770 571 819 Hyrtacides:
612 770 773 807 ‘Audite
802 782 826 807 o
856 770 1045 807 mentibus
1074 769 1219 818 aequis,

106 830 324 875 Aeneadae,
353 841 448 867 neve
476 829 570 867 haec
600 830 738 866 nostris
768 835 985 878 spectentur
1014 830 1063 866 ab
1093 828 1213 873 annis,

106 902 204 940 quae
233 890 397 928 ferimus.
457 889 586 926 Rutuli
615 900 754 926 somno
784 888 949 937 vinoque
981 887 1092 925 soluti

106 949 344 995 conticuere;
385 949 513 986 locum
543 948 687 986 insidiis
717 948 990 996 conspeximus
1020 947 1102 995 ipsi,

107 1009 172 1058 qui
199 1014 303 1057 patet
329 1008 369 1044 in
397 1008 499 1045 bivio
526 1014 669 1057 portae,
700 1019 799 1056 quae
827 1007 1002 1055 proxima
1030 1012 1174 1056 ponto;

107 1067 303 1116 interrupti
331 1067 451 1115 ignes,
481 1073 635 1116 aterque
664 1066 713 1103 ad
743 1066 866 1103 sidera
898 1064 1026 1102 fumus

108 1127 281 1175 erigitur:
320 1126 350 1163 si
379 1125 529 1163 fortuna
559 1126 770 1176 permittitis
799 1125 851 1162 uti

109 1187 322 1236 quaesitum
353 1185 511 1223 Aenean
541 1192 578 1222 et
606 1186 760 1222 moenia
789 1183 992 1229 Pallantea,

109 1257 202 1283 mox
229 1244 291 1282 hic
321 1257 409 1282 curn
439 1244 569 1293 spoliis
597 1244 741 1293 ingenti
771 1243 889 1281 caede
918 1250 1074 1292 peracta

111 1304 228 1342 affore
258 1304 427 1341 cernetis.
486 1303 569 1341 Nec
598 1315 669 1340 nos
698 1303 757 1339 via
786 1302 876 1339 fallit
906 1309 1062 1340 euntes:

111 1364 272 1401 vidimus
300 1363 473 1400 obscuris
501 1363 665 1412 primam
694 1363 764 1399 sub
794 1362 949 1399 vallibus
978 1362 1112 1399 urbem

111 1429 249 1460 venatu
277 1422 441 1466 assiduo,
472 1429 509 1459 et
537 1428 658 1459 toturn
688 1422 941 1470 cognovimus
971 1421 1146 1458 amnem!

113 1481 190 1520 Hic
218 1482 328 1519 annis
356 1481 479 1530 gravis
508 1488 622 1530 atque
650 1481 766 1517 animi
794 1487 964 1517 maturus
994 1480 1148 1517 Aletes:

114 1541 190 1578 ‘Di
218 1541 338 1590 patrii,
369 1552 532 1589 quorum
562 1551 713 1588 semper
742 1540 812 1576 sub
842 1540 998 1576 numine
1028 1539 1146 1577 Troia
1175 1546 1241 1586 est,

114 1612 195 1638 non
222 1607 351 1637 tamen
379 1600 538 1637 omnino
569 1599 743 1637 Teucros
773 1598 896 1636 delere
927 1599 1075 1648 paratis,

115 1671 204 1698 cum
232 1659 325 1696 tales
354 1659 504 1696 animos
532 1659 710 1696 iuvenum
739 1665 775 1696 et
804 1666 882 1695 tarn
912 1666 1013 1696 certa
1041 1659 1174 1697 tulistis

115 1719 291 1770 pectora!
348 1717 428 1769 (Sic
458 1731 678 1756 memorans
707 1730 858 1757 umeros
888 1718 1115 1769 dextrasque
1144 1720 1296 1758 tenebat

115 1780 317 1816 amborum
346 1785 383 1816 et
411 1778 554 1816 vultum
582 1778 743 1816 lacrimis
772 1785 885 1828 atque
914 1791 982 1816 ora
1009 1778 1185 1830 rigabat.)

118 1837 252 1884 ‘Quae
281 1838 400 1883 vobis,
430 1850 529 1887 quae
559 1837 684 1887 digna,
714 1839 790 1883 viri,
820 1850 890 1887 pro
918 1838 1092 1876 laudibus
1122 1840 1201 1877 istis

117 1897 287 1946 praemia
315 1908 432 1946 posse
460 1908 543 1934 rear
572 1896 692 1934 solvi?
748 1896 1004 1934 Pulcherrima
1032 1898 1197 1946 primurn

119 1956 157 1993 di
184 1968 388 2005 moresque
417 1955 563 1993 dabunt
592 1956 724 2001 vestri;
766 1963 846 1994 tum
876 1963 998 1994 cetera
1026 1956 1158 1994 reddet

119 2022 287 2052 actutum
314 2016 400 2065 pius
428 2015 580 2053 Aeneas
610 2022 723 2065 atque
752 2016 898 2065 integer
927 2016 1007 2054 aevi

120 2074 318 2119 Ascanius,
346 2075 468 2111 meriti
497 2075 589 2111 tanti
617 2086 696 2111 non
725 2075 927 2112 immemor
955 2077 1160 2126 umquam.’

121 2133 271 2170 ‘Immo
300 2145 374 2182 ego
402 2145 482 2179 vos,
512 2134 572 2171 cui
601 2134 683 2171 sola
711 2135 812 2171 salus
839 2135 1011 2182 genitore
1041 2136 1221 2180 reducto‚'

120 2193 259 2241 excipit
286 2192 485 2238 Ascanius,
516 2195 605 2241 ‘per
633 2205 806 2241 magnos,
835 2193 939 2240 Nise,
970 2194 1133 2232 Penates

121 2251 372 2299 Assaracique
401 2250 538 2288 Larem
568 2257 606 2288 et
634 2263 752 2288 canae
782 2252 987 2300 penetralia
1016 2253 1156 2291 Vestae

121 2310 315 2356 obtestor;
355 2321 619 2359 quaecumque
648 2309 740 2346 mihi
769 2310 917 2348 fortuna
945 2311 1115 2362 fidesque
1144 2320 1212 2359 est,

121 2369 160 2406 in
188 2368 318 2405 vestris
346 2380 452 2418 pono
481 2369 632 2417 gremiis
647 2381 657 2414 3
697 2376 870 2407 revocate
899 2378 1107 2420 parentem,

122 2427 266 2466 reddite
296 2434 569 2476 conspectum3
613 2427 705 2464 nihil
734 2428 795 2466 illo
825 2429 927 2467 triste
955 2437 1121 2480 recepto.

175 2508 260 2535 VOL.
280 2508 304 2534 Ι.
798 2509 816 2537 S

1405 71 1483 114 257

1426 248 1484 279 225

1428 545 1488 574 ²30

1429 839 1486 870 235

1431 1137 1490 1166 240

1432 1434 1489 1465 245

1432 1735 1491 1766 250

1436 2317 1496 2349 260
