1669 2737
549 88 715 121 LIBER
745 86 842 121 XII.
881 79 1088 134 107d183.
1436 87 1519 131 325

131 193 373 243 praetulerim
403 193 573 243 caelique
603 193 726 230 libens
755 193 794 230 in
823 198 930 241 parte
960 192 1143 229 locarim:
1462 203 1518 235 145

131 253 234 290 disce
264 260 381 297 tuum,
412 265 460 289 ne
490 265 551 289 me
581 253 742 296 incuses,
774 251 942 295 Iuturna,
975 251 1158 288 dolorem.

132 311 220 357 Qua
248 312 326 349 visa
355 319 412 349 est
441 311 606 349 Fortuna
635 311 713 360 pati
743 310 961 359 Parcaeque
992 310 1169 346 sinebant

132 370 265 408 cedere
295 382 354 408 res
384 370 506 415 Latio,
537 370 714 407 Turnum
743 376 779 406 et
809 376 872 405 tua
901 369 1057 405 moenia
1085 368 1189 404 texi:

132 442 233 467 nunc
262 430 437 467 iuvenem
467 429 674 478 imparibus
703 428 814 464 video
844 439 1072 465 concurrere
1102 426 1198 471 fatis,

131 489 410 538 Parcarumque
440 488 520 526 dies
550 494 587 525 et
616 487 670 525 vis
699 487 852 524 inimica
880 487 1124 535 propinquat.
1460 499 1519 529 150

131 547 223 585 Non
254 559 424 597 pugnam
454 548 623 596 aspicere
652 546 751 583 hanc
781 545 912 589 oculis,
944 557 1024 582 non
1056 544 1210 582 foedera
1239 555 1409 592 possum.

131 607 195 644 Tu
223 619 294 656 pro
322 618 508 656 germano
537 606 567 643 si
597 605 689 655 quid
718 605 955 654 praesentius
986 605 1116 650 audes

131 679 268 715 perge:
308 666 428 704 decet.
485 665 631 703 Forsan
660 665 820 702 miseros
850 664 1008 702 meliora
1037 662 1266 712 sequentur.'

129 726 206 762 Vix
235 738 289 772 ea,
321 738 409 763 cum
439 725 615 763 lacrimas
645 724 766 762 oculis
796 724 954 761 Iuturna
984 722 1152 772 profudit

130 792 262 833 terque
292 792 502 834 quaterque
531 796 649 820 manu
678 790 813 833 pectus
843 783 1028 832 percussit
1058 782 1272 818 honestum.
1463 793 1518 824 ¹55

132 843 245 881 ‘Non
273 843 435 880 lacrimis
464 843 538 880 hoc
568 841 741 891 tempus'
771 842 820 879 ait
853 842 1027 879 Saturnia
1058 840 1179 885 Iuno;

131 902 323 940 ‘accelera
351 909 388 939 et
418 901 582 948 fratrem,
613 902 643 939 si
674 902 756 951 quis
787 900 936 946 modus,
969 900 1072 949 eripe
1102 899 1226 943 morti,

130 967 195 999 aut
221 967 262 998 tu
290 961 389 998 bella
418 962 474 999 cie
505 968 814 1010 conceptumque
845 966 979 997 excute
1012 958 1177 996 foedus:

130 1026 263 1058 auctor
291 1032 365 1069 ego
395 1019 585 1058 audendi!
642 1019 704 1057 Sic
733 1019 932 1056 exhortata
960 1018 1111 1066 reliquit

132 1079 315 1117 incertam
344 1086 382 1117 et
410 1080 503 1118 tristi
531 1080 720 1117 turbatam
749 1079 903 1116 vulnere
933 1079 1084 1115 mentis.
1462 1080 1521 1110 10:-

186 1139 338 1176 Interea
366 1151 489 1188 reges,
520 1139 666 1188 ingenti
695 1138 797 1176 mole
827 1138 986 1175 Latinus

132 1198 359 1248 quadriiugo
387 1198 534 1235 vehitur
562 1211 684 1244 curru,
714 1198 774 1235 cui
804 1204 979 1246 tempora
1009 1196 1152 1234 circum

132 1257 252 1294 aurati
281 1257 340 1295 bis
369 1269 436 1295 sex
466 1257 560 1295 radii
588 1257 772 1306 fulgentia
801 1257 971 1305 cingunt,

134 1316 232 1353 Solis
261 1316 319 1353 avi
348 1317 566 1366 specimen;
607 1316 705 1365 bigis
734 1316 760 1353 it
791 1314 945 1352 Turnus
975 1314 1013 1350 in
1042 1313 1147 1359 albis,

132 1375 223 1412 bina
250 1387 369 1413 manu
397 1375 473 1413 lato
504 1376 674 1424 crispans
703 1374 851 1412 hastilia
880 1373 980 1423 ferro
990 1386 999 1419 ;
1465 1376 1522 1415 165

132 1434 222 1471 hinc
250 1441 356 1483 pater
384 1434 549 1480 Aeneas,
580 1434 784 1471 Romanae
814 1433 936 1481 stirpis
967 1431 1088 1479 origo,

134 1493 282 1531 sidereo
311 1492 478 1542 flagrans
507 1493 631 1542 clipeo
659 1500 697 1530 et
726 1491 950 1529 caelestibus
979 1491 1107 1534 armis,

133 1559 171 1589 et
199 1552 304 1589 iuxta
331 1552 532 1598 Ascanius,
561 1564 725 1601 magnae
755 1563 842 1600 spes
873 1550 989 1587 altera
1020 1549 1181 1593 Romae,

134 1611 348 1661 procedunt
377 1612 520 1657 castris,
550 1623 721 1660 puraque
749 1611 789 1647 in
818 1617 920 1647 veste
952 1608 1133 1646 sacerdos

136 1671 310 1719 saetigeri
339 1670 457 1707 fetum
488 1671 564 1707 suis
594 1671 865 1718 intonsamque
896 1668 1096 1705 bidentem
1470 1680 1528 1710 170

136 1729 257 1766 attulit
285 1729 529 1778 admovitque
558 1742 677 1779 pecus
706 1728 955 1777 flagrantibus
985 1727 1071 1764 aris.

137 1789 195 1826 Illi
224 1789 273 1826 ad
302 1796 518 1839 surgentem
549 1789 720 1828 conversi
749 1789 894 1825 lumina
924 1787 1045 1825 solem

138 1849 230 1886 dant
259 1848 385 1897 fruges
415 1849 591 1886 manibus
621 1848 738 1886 salsas
767 1854 804 1885 et
833 1854 1009 1895 tempora
1038 1845 1135 1882 ferro

139 1920 290 1946 summa
317 1914 452 1946 notant
481 1908 674 1958 pecudum
706 1907 922 1956 paterisque
952 1905 1081 1942 altaria
1104 1905 1233 1941 libant.

141 1968 246 2005 Tum
275 1967 361 2016 pius
391 1968 543 2005 Aeneas
573 1968 702 2004 stricto
733 1968 787 2003 sic
817 1977 908 2002 ense
937 1970 1135 2013 precatur:
1469 1975 1528 2006 155

143 2026 258 2063 ‘Esto
286 2038 389 2063 nunc
420 2026 486 2064 Sol
514 2027 620 2064 testis
651 2033 687 2063 et
717 2025 811 2062 haec
841 2023 932 2060 mihi
962 2022 1083 2058 Terra
1112 2019 1275 2065 vocanti,

142 2098 257 2136 quam
287 2092 441 2134 propter
469 2091 595 2123 tantos
625 2084 733 2134 potui
762 2082 925 2131 perferre
955 2082 1115 2126 labores,

142 2152 178 2182 et
206 2144 318 2181 Pater
347 2144 596 2192 omnipotens
625 2150 662 2180 et
692 2150 730 2179 tu
763 2141 938 2178 Saturnia
967 2140 1135 2177 coniunx

143 2205 234 2255 (iam
264 2202 408 2248 melior,
437 2203 525 2248 iam,
558 2202 652 2247 diva,
684 2199 848 2250 precor),
878 2207 994 2249 tuque
1024 2199 1148 2235 inclite
1179 2197 1345 2244 Mavors,

143 2269 282 2302 cuncta
309 2269 375 2299 tuo
404 2262 468 2310 qui
496 2261 605 2306 bella,
636 2267 753 2310 pater,
783 2260 853 2296 sub
883 2258 1040 2296 numine
1069 2264 1247 2305 torques;
1471 2260 1530 2290 180

144 2323 345 2370 fontesque
376 2320 588 2369 fluviosque
617 2330 727 2364 voco,
758 2330 933 2367 quaeque
962 2316 1124 2354 aetheris
1154 2315 1217 2353 alti

144 2383 276 2431 religio
306 2387 343 2417 et
372 2391 468 2428 quae
498 2379 673 2417 caeruleo
704 2383 792 2414 sunt
821 2376 980 2413 numina
1009 2381 1154 2424 ponto:

145 2440 300 2479 cesserit
328 2438 502 2476 Ausonio
533 2438 564 2474 si
594 2437 671 2474 fors
701 2436 856 2473 victoria
885 2434 1033 2481 Turno,
