1669 2737
574 544 1052 608 AENEIS.

401 730 636 771 LIBER
687 730 1228 773 DUODECIMUS.

126 852 289 892 TURNUS
316 860 357 892 ut
384 855 566 894 infractos
595 855 754 894 adverso
784 855 908 893 Marte
937 855 1094 894 Latinos

127 912 311 951 defecisse
340 914 451 960 videt,
482 927 552 953 sua
580 928 683 953 nunc
711 916 901 964 promissa
929 916 1090 964 reposci,

126 984 168 1009 se
197 972 337 1022 signari
366 974 497 1019 oculis,
526 975 622 1011 ultro
652 974 899 1023 implacabilis
929 974 1034 1011 ardet

126 1031 335 1081 attollitque
364 1033 523 1070 animos.
583 1033 801 1071 Poenorum
830 1033 951 1082 qualis
982 1033 1020 1069 in
1050 1032 1145 1070 arvis

127 1090 277 1127 saucius
305 1090 365 1127 ille
393 1091 499 1139 gravi
527 1099 733 1129 venantum
763 1092 916 1129 vulnere
946 1098 1078 1141 pectus

126 1155 208 1185 tum
237 1148 392 1186 demum
422 1157 548 1186 movet
577 1162 682 1187 arma
710 1150 770 1188 leo
800 1151 1016 1199 gaudetque
1045 1154 1242 1187 comantes

128 1207 323 1245 excutiens
352 1208 495 1245 cervice
525 1215 628 1246 toros
657 1209 853 1258 fixumque
882 1209 1038 1247 latronis

128 1267 341 1316 impavidus
370 1267 507 1316 frangit
535 1268 652 1305 telum
683 1274 720 1305 et
749 1268 872 1305 fremit
901 1280 965 1305 ore
995 1274 1176 1306 cruento:

128 1326 231 1364 haud
259 1338 370 1364 secus
398 1338 562 1364 accenso
592 1327 715 1375 gliscit
744 1327 921 1364 violentia
952 1327 1096 1364 Turno.

129 1385 236 1422 Tum
265 1386 319 1422 sic
348 1385 483 1423 affatur
511 1397 642 1433 regem
671 1392 784 1433 atque
813 1386 863 1422 ita
891 1386 1060 1437 turbidus
1090 1386 1191 1423 infit:
1472 1404 1509 1425 10

129 1443 268 1480 ‘Nulla
295 1455 403 1481 mora
430 1444 471 1480 in
500 1444 660 1490 Turno;
700 1443 790 1480 nihil
819 1450 876 1481 est
905 1445 1009 1493 quod
1038 1446 1137 1482 dicta
1166 1451 1368 1484 retractent

130 1503 257 1552 ignavi
284 1503 502 1550 Aeneadae,
532 1516 603 1541 nec
632 1515 730 1552 quae
760 1504 938 1552 pepigere
968 1512 1167 1542 recusent:

131 1563 374 1612 congredior.
430 1563 503 1600 Fer
532 1575 648 1608 sacra,
679 1569 796 1611 pater,
827 1570 863 1600 et
893 1564 1054 1612 concipe
1083 1564 1228 1602 foedus.

130 1622 209 1659 Aut
236 1621 309 1659 hac
337 1621 574 1658 Dardanium
602 1621 734 1658 dextra
762 1622 833 1658 sub
863 1621 1023 1660 Tartara
1051 1624 1210 1669 mittam,

131 1682 365 1719 desertorem
393 1681 509 1718 Asiae
540 1679 715 1730 (sedeant
743 1688 993 1730 spectentque
1023 1682 1178 1729 Latini),
1476 1700 1511 1731 15

130 1747 168 1778 et
197 1739 301 1778 solus
332 1738 431 1775 ferro
461 1739 604 1776 crimen
633 1751 840 1777 commune
869 1740 1048 1787 refellam,

130 1807 196 1837 aut
223 1800 363 1837 habeat
391 1799 521 1844 victos,
553 1798 664 1836 cedat
692 1799 850 1837 Lavinia
878 1800 1069 1838 coniunx!

186 1859 262 1899 Olli
291 1859 425 1897 sedato
452 1859 650 1907 respondit
678 1859 794 1896 corde
824 1859 1007 1898 Latinus:

132 1917 192 1956 ‘O
220 1925 416 1967 praestans
444 1918 561 1955 animi
589 1918 745 1962 iuvenis,
776 1926 962 1967 quantum
992 1920 1074 1969 ipse
1102 1920 1216 1958 feroci

131 1979 265 2016 virtute
294 1990 513 2027 exsuperas,
543 1984 649 2015 tanto
678 1990 740 2015 me
770 1979 981 2028 impensius
1011 1993 1176 2029 aequum
1206 1988 1264 2019 est
1476 1999 1515 2019 20

131 2038 330 2075 consulere
359 2045 473 2087 atque
502 2049 638 2075 omnes
666 2043 900 2075 metuentem
930 2041 1146 2088 expendere
1177 2052 1300 2078 casus.

133 2096 229 2134 Sunt
258 2097 324 2134 tibi
352 2108 470 2145 regna
497 2096 612 2146 patris
641 2096 780 2142 Dauni,
810 2104 897 2134 sunt
926 2098 1069 2147 oppida
1098 2106 1211 2147 capta

132 2154 253 2192 multa
280 2167 409 2201 manu,
439 2168 512 2194 nec
540 2168 620 2193 non
649 2168 857 2205 aurumque
887 2157 1112 2206 animusque
1141 2157 1280 2195 Latino
1310 2164 1366 2196 est
1376 2171 1387 2204 ,·

133 2223 222 2254 sunt
249 2215 344 2253 aliae
372 2216 554 2265 innuptae
584 2215 694 2253 Latio
722 2222 759 2253 et
788 2215 1040 2253 Laurentibus
1070 2216 1179 2261 arvis,

132 2288 205 2313 nec
235 2287 357 2324 genus
386 2274 596 2313 indecores.
656 2274 746 2312 Sine
775 2287 836 2312 me
866 2275 961 2313 haec
991 2275 1093 2313 haud
1121 2274 1250 2313 mollia
1279 2275 1358 2313 fatu
1473 2293 1510 2322 25

132 2335 288 2374 sublatis
318 2335 462 2383 aperire
491 2334 598 2379 dolis,
629 2335 740 2372 simul
768 2334 842 2372 hoc
871 2336 1000 2373 animo
1030 2335 1147 2372 hauri.

134 2395 201 2432 Me
230 2400 360 2431 natam
390 2394 480 2431 nulli
508 2401 678 2431 veterum
708 2395 850 2432 sociare
879 2407 1085 2444 procorum

134 2453 190 2490 fas
219 2460 309 2498 erat,
340 2453 453 2503 idque
483 2465 619 2490 omnes
649 2453 801 2503 divique
831 2454 1084 2504 hominesque
1114 2455 1313 2493 canebant.

188 2530 274 2556 vor„
304 2530 329 2556 1.
813 2531 836 2557 Y

1488 1104 1505 1135 tn
