1669 2737
133 94 214 132 244
708 88 935 122 AENEJS.

131 202 168 232 et
196 194 397 244 Tyrrhena
425 194 568 244 pedum
598 194 807 233 circumdat
837 194 987 232 vincula
1016 194 1178 243 plantis:

131 262 212 292 tum
242 255 346 292 lateri
376 262 489 303 atque
519 255 659 291 umeris
689 254 914 303 Tegeaeum
944 254 1109 302 subligat
1140 266 1282 300 ensem,

133 314 299 351 demissa
327 315 375 350 ab
405 314 510 351 laeva
539 314 746 362 pantherae
777 321 884 362 terga
911 319 1147 362 retorquens.

133 373 218 410 Nec
247 385 326 409 non
355 379 392 410 et
420 373 563 421 gemini
592 372 771 410 custodes
800 372 928 409 limine
957 372 1006 408 ab
1037 371 1113 408 alto

133 433 369 480 praecedunt
398 444 649 480 gressumque
680 444 794 468 canes
824 432 1054 469 comitantur
1082 430 1252 466 herilem.

135 492 312 540 Hospitis
340 491 495 528 Aeneae
525 491 656 527 sedem
687 498 723 527 et
754 498 898 528 secreta
928 491 1081 539 petebat

137 563 357 588 sermonum
382 561 531 587 memor
559 555 595 586 et
623 550 801 598 promissi
830 550 1000 586 muneris
1029 549 1150 586 heros.

136 611 220 648 Nec
249 611 374 647 minus
404 610 557 645 Aeneas
587 621 627 646 se
657 610 864 646 matutinus
895 610 1043 657 agebat.

138 669 254 707 Filius
282 668 370 705 huic
400 668 534 712 Pallas,
564 667 615 703 illi
644 679 776 704 comes
810 668 887 704 ibat
916 667 1092 704 Achates.

139 728 346 777 Congressi
374 728 536 775 iungunt
566 727 715 763 dextras
745 727 957 775 mediisque
987 727 1157 763 residunt

139 788 296 826 aedibus
326 793 362 824 et
391 787 494 823 licito
522 785 677 822 tandem
708 797 884 823 sermone
913 785 1097 822 fruuntur.

141 848 226 885 Rex
255 847 358 897 prior
386 847 503 883 haec:

141 907 335 944 ‘Maxime
364 905 603 942 Teucrorum
634 904 779 950 ductor,
809 916 887 954 quo
917 905 1059 954 sospite
1089 916 1301 954 numquam

139 979 198 1004 res
227 965 405 1016 equidem
435 963 576 1001 Troiae
605 964 722 1001 victas
751 970 815 1000 aut
843 975 962 1012 regna
991 964 1148 1008 fatebor,

141 1026 253 1063 nobis
282 1024 331 1062 ad
359 1024 447 1061 belli
476 1023 656 1060 auxilium
686 1035 755 1071 pro
785 1024 942 1059 nomine
972 1030 1078 1059 tanto

141 1086 301 1134 exiguae
331 1084 446 1120 vires:
486 1083 574 1119 hinc
606 1082 738 1119 Tusco
769 1082 980 1119 claudimur
1009 1082 1125 1125 amni,

140 1145 228 1182 hinc
260 1143 422 1180 Rutulus
452 1142 589 1191 premit
617 1148 654 1178 et
683 1154 835 1178 murum
864 1142 1119 1178 circumsonat
1149 1141 1273 1178 armis.

143 1205 218 1242 Sed
246 1204 312 1241 tibi
342 1215 416 1251 ego
446 1203 620 1249 ingentes
650 1202 815 1250 populos
845 1201 1102 1250 opulentaque
1131 1201 1256 1248 regnis

141 1265 298 1312 iungere
328 1269 449 1299 castra
477 1273 582 1309 paro,
614 1273 729 1309 quam
758 1260 835 1298 fors
865 1261 1021 1309 inopina
1051 1260 1208 1297 salutem

143 1328 329 1360 ostentat:
369 1321 452 1358 fatis
481 1320 556 1357 huc
585 1326 622 1357 te
652 1321 899 1368 poscentibus
928 1319 1051 1356 affers.

143 1382 262 1419 Haud
290 1380 424 1430 procul
452 1380 542 1417 hinc
571 1391 664 1416 saxo
696 1380 871 1416 incolitur
899 1379 1056 1416 fundata
1085 1385 1233 1416 vetusto

142 1442 244 1479 urbis
274 1440 475 1489 Agyllinae
504 1439 625 1484 sedes,
655 1439 719 1475 ubi
750 1439 870 1488 Lydia
899 1439 1096 1488 quondam

144 1514 249 1550 gens,
278 1500 379 1536 bello
408 1499 612 1547 praeclara,
642 1499 739 1547 iugis
768 1499 906 1535 insedit
935 1498 1115 1535 Etruscis.

144 1561 260 1597 Hanc
290 1559 430 1595 multos
459 1558 657 1595 florentem
689 1570 812 1595 annos
841 1570 907 1594 rex
938 1557 1075 1594 deinde
1105 1557 1273 1605 superbo

143 1619 303 1668 imperio
333 1625 370 1655 et
398 1618 518 1655 saevis
547 1618 665 1654 tenuit
695 1617 907 1654 Mezentius
937 1617 1062 1654 armis.

146 1679 251 1725 Quid
280 1689 490 1714 memorem
520 1676 694 1713 infandas
725 1677 871 1721 caedes,
900 1676 991 1725 quid
1020 1676 1119 1713 facta
1147 1676 1294 1724 tyranni

145 1738 286 1776 effera?
326 1737 363 1774 di
392 1736 505 1785 capiti
534 1737 651 1785 ipsius
681 1737 885 1785 generique
914 1737 1125 1776 reservent!

145 1797 302 1835 Mortua
331 1797 423 1845 quin
453 1796 567 1832 etiam
595 1795 777 1843 iungebat
806 1807 966 1843 corpora
994 1795 1085 1831 vivis

146 1868 386 1905 componens
414 1855 667 1903 manibusque
696 1867 832 1892 manus
862 1862 975 1903 atque
1004 1855 1132 1890 oribus
1164 1865 1241 1898 ora,

145 1916 325 1953 tormenti
354 1926 488 1964 genus,
518 1921 556 1951 et
585 1914 689 1951 sanie
717 1914 885 1962 taboque
915 1912 1074 1950 fluentes

147 1975 350 2024 complexu
379 1975 418 2010 in
446 1974 585 2010 misero
614 1973 730 2022 longa
760 1974 812 2010 sie
840 1979 964 2009 morte
993 1972 1162 2009 necabat.

146 2036 199 2072 At
228 2035 315 2072 fessi
345 2035 500 2071 tandem
530 2034 628 2071 cives
657 2032 812 2069 infanda
840 2033 1028 2069 furentem

147 2096 278 2131 armati
307 2094 588 2131 circumsistunt
616 2093 819 2141 ipsumque
849 2091 1095 2140 domumque,

148 2154 376 2190 obtruncant
406 2153 542 2195 socios,
572 2153 701 2200 ignem
730 2151 779 2187 ad
807 2150 956 2199 fastigia
984 2150 1135 2187 iactant.

147 2212 215 2249 Ille
244 2212 340 2249 inter
369 2212 527 2248 caedem
558 2210 787 2247 Rutulorum
816 2210 966 2257 elapsus
993 2209 1033 2245 in
1063 2220 1176 2257 agros

149 2271 357 2319 confugere
385 2277 422 2307 et
451 2270 575 2306 Turni
604 2269 800 2306 defendier
827 2268 987 2317 hospitis
1016 2269 1139 2305 armis.

148 2328 255 2377 Ergo
284 2329 410 2366 omnis
439 2328 543 2364 furiis
573 2328 730 2365 surrexit
758 2327 909 2365 Etruria
936 2328 1063 2364 iustis:

150 2399 282 2435 regern
311 2387 360 2424 ad
389 2387 616 2435 supplicium
646 2387 835 2435 praesenti
865 2387 988 2423 Marte
1016 2392 1232 2435 reposcunt.

153 2446 234 2483 His*
255 2457 329 2495 ego
360 2453 406 2491 te,
438 2446 583 2491 Aenea,
613 2445 810 2483 ductorem
839 2445 1003 2483 millibus
1031 2445 1184 2482 addam.

1458 316 1523 355 460

1461 915 1522 947 470

1465 1502 1529 1542 480

1466 2104 1531 2135 490

1468 2399 1529 2432 495
