1669 2737
153 72 205 114 26
702 80 990 116 GEORGICA.

152 189 309 226 numina
337 187 418 226 sola
446 188 584 234 colant,
615 189 680 226 tibi
710 189 847 226 serviat
876 190 1007 227 ultima
1037 190 1163 228 Thule

151 255 263 297 teque
293 248 363 284 sibi
392 259 577 296 generum
608 248 754 298 Tethys
783 256 885 286 emat
914 250 1094 287 omnibus
1125 250 1250 296 undis,

151 319 250 344 anne
279 319 422 344 novum
454 307 568 345 tardis
598 308 702 345 sidus
732 314 768 345 te
802 309 997 346 mensibus
1027 309 1158 354 addas,

151 377 227 414 qua
256 366 362 403 locus
390 365 601 415 Erigonem
629 367 724 404 inter
754 366 969 417 Chelasque
999 375 1202 417 sequentes

151 425 330 473 panditur
361 426 458 474 (ipse
488 426 554 462 tibi
584 426 659 462 iam
688 426 844 463 brachia
874 426 1062 464 contrahit
1091 427 1230 464 ardens

153 483 334 532 Scorpius
364 491 400 521 et
429 485 524 521 caeli
553 485 650 521 iusta
679 485 762 534 plus
792 492 898 534 parte
927 485 1144 537 relinquit);

152 543 338 591 quidquid
366 544 439 580 eris
469 542 575 593 (nam
605 551 641 581 te
671 556 743 581 nec
773 552 928 593 sperant
956 545 1116 582 Tartara
1145 556 1277 593 regem

152 614 223 639 nec
252 603 319 639 tibi
347 603 532 651 regnandi
562 604 688 640 veniat
718 610 794 640 tam
824 603 905 640 dira
934 604 1089 652 cupido,

152 661 325 708 quamvis
353 661 504 710 Elysios
534 663 687 699 miretur
717 661 878 699 Graecia
908 675 1067 712 campos

152 732 224 756 nec
253 721 411 768 repetita
441 722 548 770 sequi
578 728 682 758 curet
712 721 939 769 Proserpina
967 722 1160 773 matrem),

152 779 201 815 da
231 778 380 816 facilem
410 792 562 817 cursum
593 787 706 829 atque
736 780 944 818 audacibus
974 793 1100 819 annue
1131 781 1289 832 coeptis,

152 839 384 887 ignarosque
413 840 495 876 viae
524 851 678 877 mecum
708 840 904 877 miseratus
934 847 1101 889 agrestes

152 897 349 946 ingredere
379 905 416 935 et
444 899 540 935 votis
569 899 645 935 iam
675 910 777 935 nunc
808 910 984 935 assuesce
1013 900 1149 937 vocari.

206 957 306 994 Vere
336 970 436 995 novo
467 959 613 1007 gelidus
643 959 747 995 canis
776 970 863 995 cum
892 959 1087 996 montibus
1117 971 1229 996 umor

152 1016 302 1065 liquitur
330 1026 367 1055 et
397 1018 573 1068 Zephyro
601 1019 720 1067 putris
750 1030 790 1055 se
819 1018 953 1066 glaeba
982 1020 1142 1064 resolvit,

152 1077 334 1126 depresso
365 1078 520 1127 incipiat
549 1079 624 1115 iam
653 1084 733 1114 tum
762 1078 854 1114 mihi
884 1085 1011 1115 taurus
1047 1087 1170 1116 aratro

151 1137 357 1185 ingemere,
387 1144 424 1174 et
453 1137 558 1175 sulco
589 1138 734 1174 attritus
764 1137 1029 1186 splendescere
1060 1151 1203 1176 vomer.

153 1195 222 1232 Illa
252 1208 362 1244 seges
392 1197 549 1234 demum
577 1197 674 1233 votis
703 1196 908 1245 respondet
938 1197 1036 1233 avari

151 1255 350 1303 agricolae,
380 1256 439 1292 bis
468 1268 566 1305 quae
597 1255 730 1300 solern,
761 1255 818 1292 bis
848 1255 986 1304 frigora
1015 1256 1155 1303 sensit;

152 1315 247 1351 illius
278 1315 489 1352 immensae
519 1321 703 1364 ruperunt
731 1314 869 1351 horrea
898 1327 1052 1352 messes.

152 1374 203 1411 At
232 1374 335 1422 prius
364 1375 538 1422 ignotum
568 1374 665 1411 ferro
695 1386 811 1423 quam
842 1374 1050 1411 scindimus
1080 1387 1234 1424 aequor,

151 1440 286 1470 ventos
316 1440 353 1470 et
381 1434 524 1470 varium
555 1434 649 1471 caeli
677 1433 915 1482 praediscere
945 1445 1094 1470 morem

152 1504 243 1529 cura
273 1493 319 1529 sit
348 1505 392 1529 ac
422 1493 566 1541 patrios
597 1492 796 1541 cultusque
826 1492 1052 1541 habitusque
1082 1493 1267 1539 locorum,

151 1558 190 1588 et
218 1551 309 1600 quid
337 1563 511 1600 quaeque
541 1552 634 1588 ferat
662 1552 768 1600 regio
798 1558 834 1588 et
863 1551 953 1600 quid
977 1563 1152 1601 quaeque
1182 1560 1344 1591 recuset.

152 1610 230 1648 Hic
259 1618 420 1660 segetes,
452 1611 524 1648 illic
553 1612 710 1648 veniunt
739 1611 885 1648 felicius
915 1623 1022 1656 uvae,

151 1671 299 1707 arborei
328 1670 425 1707 fetus
456 1670 555 1715 alibi,
585 1677 698 1718 atque
727 1670 869 1707 iniussa
897 1670 1086 1707 virescunt

151 1730 333 1777 gramina.
391 1729 534 1767 Nonne
563 1730 667 1766 vides
697 1741 854 1766 croceos
882 1735 923 1765 ut
952 1729 1115 1766 Tmolus
1145 1730 1298 1775 odores,

152 1788 262 1825 India
290 1789 403 1825 mittit
431 1789 535 1833 ebur,
564 1788 700 1826 molles
729 1800 798 1825 sua
825 1794 909 1824 tura
939 1787 1088 1833 Sabaei,

153 1854 191 1884 at
219 1846 410 1896 Chalybes
439 1848 531 1885 nudi
561 1847 710 1892 ferrum,
741 1847 940 1895 virosaque
972 1846 1117 1884 Pontus

153 1913 336 1952 castorea,
366 1906 543 1943 Eliadum
573 1907 720 1955 palmas
749 1906 887 1954 Epiros
917 1906 1129 1954 equarum?

153 1965 348 2003 Continuo
378 1966 447 2004 has
476 1966 580 2016 leges
609 1967 829 2014 alternaque
858 1965 1014 2003 foedera
1043 1966 1155 2003 certis

151 2026 333 2074 imposuit
362 2033 495 2063 natura
523 2027 627 2072 locis,
658 2038 735 2075 quo
765 2034 937 2074 tempore
967 2026 1133 2075 primurn

151 2084 364 2122 Deucalion
393 2098 553 2123 vacuum
582 2086 728 2134 lapides
757 2085 906 2122 iactavit
934 2085 972 2121 in
1003 2085 1146 2130 orbem,

151 2144 254 2181 unde
284 2144 459 2182 homines
488 2145 577 2190 nati,
608 2145 743 2182 durum
772 2156 905 2192 genus,
961 2143 1067 2191 Ergo
1097 2156 1180 2192 age,
1210 2151 1329 2182 terrae

151 2204 294 2253 pingue
324 2204 447 2241 solum
476 2204 607 2253 primis
635 2203 828 2252 externplo
858 2215 880 2240 a
908 2203 1104 2241 mensibus
1133 2205 1222 2240 anni

151 2263 268 2300 fortes
298 2263 484 2300 invertant
513 2263 619 2309 tauri,
650 2263 883 2312 glaebasque
913 2262 1079 2300 iacentes

151 2321 410 2371 pulverulenta
438 2329 580 2370 coquat
607 2322 762 2359 maturis
792 2322 933 2359 solibus
962 2327 1107 2366 aestas;

152 2388 189 2418 at
217 2381 247 2417 si
276 2393 356 2417 non
386 2380 495 2418 fuerit
524 2381 632 2418 tellus
663 2381 836 2425 fecunda,
868 2381 937 2418 sub
965 2379 1092 2428 ipsum

151 2440 357 2477 Arcturum
386 2440 488 2476 tenui
519 2447 576 2477 sat
604 2441 672 2478 erit
701 2439 933 2489 suspendere
968 2438 1101 2477 sulco:

1501 205 1542 237 30

1501 501 1538 532 35

1499 795 1542 827 40

1500 1390 1542 1422 50

1499 1687 1538 1717 55

1498 1972 1539 2004 60
