1669 2737
560 91 728 125 LIBER
756 91 784 125 I
786 91 826 126 V.
862 85 1024 137 146-22
1030 99 1067 140 3.

122 199 296 246 stridens,
324 211 395 238 nec
425 199 524 238 dulci
555 200 720 237 declinat
749 200 895 237 lumina
924 211 1087 246 somno;

121 259 205 297 luce
233 259 339 297 sedet
369 267 498 298 custos
527 265 591 297 aut
620 259 759 297 summi
789 258 955 296 culmine
986 260 1076 297 tecti

121 319 283 357 turribus
311 326 375 356 aut
404 319 497 366 altis,
526 326 563 356 et
591 330 753 367 magnas
781 318 923 355 territat
952 320 1075 362 urbes,

121 386 199 415 tam
226 378 303 416 ficti
332 379 513 427 pravique
542 386 655 415 tenax
686 389 802 426 quam
831 377 965 414 nuntia
993 378 1078 414 veri.

122 436 233 474 Haec
262 443 343 474 turn
372 437 568 486 multiplici
596 438 761 486 populos
792 448 970 473 sermone
999 436 1170 485 replebat

121 495 294 544 gaudens
323 503 361 534 et
389 497 527 546 pariter
555 495 654 533 facta
683 502 798 545 atque
829 495 969 532 infecta
999 496 1186 533 canebat:

121 556 268 593 venisse
297 556 459 594 Aenean
489 555 662 593 Troiano
693 556 883 603 sanguine
912 562 1070 600 cretum,

122 615 182 651 cui
211 626 252 653 se
281 616 439 664 pulchra
467 616 546 653 viro
577 616 754 663 dignetur
782 615 940 662 iungere
969 613 1096 655 Dido;

121 686 224 711 nunc
252 674 418 711 hiemem
446 675 542 711 inter
571 686 611 712 se
639 675 741 717 luxu,
771 685 888 723 quam
917 673 1046 721 longa,
1077 673 1204 711 fovere

121 745 327 782 regnorum
356 734 600 771 immemores
629 734 808 783 turpique
836 733 1015 782 cupidine
1046 740 1190 782 captos.

122 790 233 829 Haec
263 792 407 841 passim
437 792 509 830 dea
536 792 651 830 foeda
680 794 802 830 virum
831 792 1009 830 diffundit
1038 793 1077 829 in
1107 804 1185 830 ora.

121 851 298 890 Protinus
327 851 377 889 ad
404 864 537 901 regem
565 864 698 890 cursus
729 853 929 901 detorquet
959 851 1110 896 Iarban,

120 910 366 960 incenditque
396 912 567 949 animum
597 911 707 949 dictis
736 919 849 960 atque
880 918 1039 960 aggerat
1069 912 1154 948 iras.

175 970 253 1008 Hic
282 970 506 1009 Hammone
536 979 638 1009 satus
667 980 774 1020 rapta
804 970 1077 1018 Garamantide
1108 970 1290 1020 Nympha

122 1030 266 1079 templa
294 1029 376 1068 Iovi
406 1038 559 1068 centum
587 1031 671 1068 latis
701 1031 883 1068 immania
912 1030 1052 1079 regnis,

122 1096 275 1127 centum
304 1102 386 1128 aras
415 1092 541 1140 posuit
570 1091 798 1140 vigilemque
830 1097 1041 1127 sacraverat
1071 1090 1212 1138 ignem,

122 1150 305 1187 excubias
334 1149 463 1187 divum
493 1157 667 1189 aeternas
683 1164 693 1197 3
733 1150 1005 1199 pecudumque
1035 1161 1168 1186 cruore

123 1210 266 1259 pingue
295 1209 419 1247 solum
448 1217 485 1247 et
513 1211 622 1247 variis
652 1210 828 1247 florentia
857 1210 987 1246 limina
1017 1210 1133 1246 sertis.

123 1269 239 1318 Isque
267 1281 400 1307 amens
428 1270 544 1307 animi
573 1277 611 1307 et
639 1281 793 1306 rumore
823 1280 1007 1305 accensus
1036 1279 1168 1305 amaro

125 1329 261 1366 dicitur
288 1335 375 1366 ante
405 1341 488 1366 aras
516 1329 642 1366 media
672 1330 767 1366 inter
795 1329 955 1364 numina
984 1327 1111 1364 divum

124 1389 243 1426 multa
271 1388 401 1426 Iovem
429 1390 607 1426 manibus
635 1389 797 1438 supplex
828 1399 956 1425 orasse
986 1387 1154 1435 supinis:

125 1448 319 1498 ‘Iuppiter
348 1450 606 1498 omnipotens,
637 1449 698 1486 cui
728 1460 832 1485 nunc
862 1446 1059 1483 Maurusia
1088 1446 1198 1494 pictis

124 1520 221 1557 gens
250 1508 402 1557 epulata
430 1509 521 1546 toris
550 1508 748 1546 Lenaeum
779 1507 868 1543 libat
897 1506 1097 1551 honorem,

125 1567 263 1615 aspicis
290 1567 412 1605 haec?
452 1580 501 1604 an
529 1575 577 1613 te,
607 1568 769 1616 genitor,
801 1578 889 1603 cum
919 1565 1077 1602 fulmina
1107 1571 1274 1613 torques,

125 1627 358 1675 nequiquam
387 1626 597 1672 horremus,
629 1627 809 1675 caecique
840 1626 878 1661 in
908 1625 1074 1661 nubibus
1103 1624 1214 1672 ignes

125 1685 329 1722 terrificant
357 1686 507 1723 animos
537 1693 574 1723 et
601 1686 730 1722 inania
758 1696 955 1721 murmura
983 1684 1173 1720 miscent?

125 1743 296 1790 Femina,
325 1756 422 1793 quae
451 1745 592 1782 nostris
621 1757 751 1782 errans
780 1745 820 1781 in
849 1744 987 1780 finibus
1017 1743 1153 1779 urbem

126 1805 306 1854 exiguam
334 1805 454 1854 pretio
483 1805 623 1853 posuit,
653 1806 714 1842 cui
744 1804 829 1841 litus
859 1803 1045 1840 arandum

127 1866 264 1914 cuique
292 1865 367 1902 loci
395 1865 499 1913 leges
531 1865 716 1910 dedimus,
748 1865 915 1902 conubia
944 1870 1072 1901 nostra

126 1924 288 1974 reppulit
316 1936 360 1962 ac
391 1924 592 1961 dominum
621 1926 784 1962 Aenean
813 1925 853 1960 in
882 1936 1001 1972 regna
1029 1923 1180 1972 recepit.

125 1983 177 2021 Et
204 1997 308 2022 nunc
336 1983 397 2021 ille
427 1984 532 2022 Paris
563 1997 650 2021 cum
680 1985 856 2022 semiviro
887 1984 1079 2028 comitatu,

127 2043 310 2081 Maeonia
337 2050 510 2080 mentum
539 2045 650 2081 mitra
679 2044 899 2093 crinemque
929 2042 1150 2079 madentem

128 2103 324 2148 subnixus,
353 2111 463 2152 rapto
492 2104 657 2152 potitur:
697 2115 770 2141 nos
800 2115 960 2139 munera
988 2102 1139 2151 templis

127 2163 270 2212 quippe
299 2163 374 2200 tuis
402 2162 557 2200 ferimus
586 2163 806 2212 famamque
835 2163 1010 2199 fovemus
1039 2159 1219 2198 inanem.'

182 2222 341 2259 Talibus
369 2230 543 2259 orantem
573 2223 682 2260 dictis
713 2235 873 2272 arasque
901 2228 1095 2259 tenentem

126 2281 244 2319 audiit
273 2281 543 2330 Omnipotens,
575 2283 786 2332 oculosque
816 2282 864 2319 ad
892 2281 1048 2319 moenia
1077 2280 1184 2318 torsit

126 2342 230 2390 regia
257 2347 295 2378 et
323 2341 462 2379 oblitos
491 2341 614 2379 famae
646 2342 814 2379 melioris
844 2348 1025 2379 amantes.

127 2401 232 2439 Tum
262 2401 316 2438 sic
347 2399 579 2438 Mercurium
609 2401 812 2449 alloquitur
840 2413 885 2438 ac
913 2401 1001 2437 talia
1029 2399 1207 2438 mandat:

127 2459 259 2498 ‘Vade
289 2472 371 2510 age,
401 2467 500 2506 nate,
531 2472 625 2498 voca
655 2459 852 2510 Zephyros
881 2466 919 2496 et
946 2459 1073 2497 labere
1101 2459 1249 2509 pennis,

1431 100 1509 140 149

1451 207 1507 246 185

1451 512 1510 544 ¹90

1452 809 1507 841 195

1450 1105 1509 1126 200

1452 1403 1509 1434 205

1453 1998 1512 2029 2¹5
