<?xml version="1.0" encoding="UTF-8"?>
<!DOCTYPE html PUBLIC "-//W3C//DTD XHTML 1.0 Transitional//EN"
    "http://www.w3.org/TR/xhtml1/DTD/xhtml1-transitional.dtd">
<html xmlns="http://www.w3.org/1999/xhtml" xml:lang="en" lang="en">
 <head>
  <title>
</title>
<meta http-equiv="Content-Type" content="text/html;charset=utf-8" />
  <meta name='ocr-system' content='tesseract 3.04.00' />
  <meta name='ocr-capabilities' content='ocr_page ocr_carea ocr_par ocr_line ocrx_word'/>
</head>
<body>
  <div class='ocr_page' id='page_1' title='image "./operavirgilwithi01virguoft/operavirgilwithi01virguoft_0166.png"; bbox 0 0 1669 2737; ppageno 0'>
   <div class='ocr_carea' id='block_1_1' title="bbox 140 74 946 128">
    <p class='ocr_par' dir='ltr' id='par_1_1' title="bbox 140 74 946 128">
     <span class='ocr_line' id='line_1_1' title="bbox 140 74 946 128; baseline 0.001 -15"><span class='ocrx_word' id='word_1_1' title='bbox 140 74 193 128; x_wconf 81' lang='lat'>98</span> <span class='ocrx_word' id='word_1_2' title='bbox 721 78 946 114; x_wconf 74' lang='lat' dir='ltr'><em>AENEJS.</em></span> 
     </span>
    </p>
   </div>
   <div class='ocr_carea' id='block_1_2' title="bbox 140 187 1260 593">
    <p class='ocr_par' dir='ltr' id='par_1_2' title="bbox 141 187 1066 234">
     <span class='ocr_line' id='line_1_2' title="bbox 141 187 1066 234; baseline -0.001 -8"><span class='ocrx_word' id='word_1_3' title='bbox 141 188 300 227; x_wconf 85' lang='lat' dir='ltr'>OenOtri</span> <span class='ocrx_word' id='word_1_4' title='bbox 329 188 480 226; x_wconf 89' lang='lat' dir='ltr'>coluere</span> <span class='ocrx_word' id='word_1_5' title='bbox 508 188 597 234; x_wconf 90' lang='lat' dir='ltr'>viri;</span> <span class='ocrx_word' id='word_1_6' title='bbox 638 199 741 224; x_wconf 89' lang='lat' dir='ltr'>nunc</span> <span class='ocrx_word' id='word_1_7' title='bbox 770 187 872 224; x_wconf 88' lang='lat' dir='ltr'>fama</span> <span class='ocrx_word' id='word_1_8' title='bbox 899 187 1066 225; x_wconf 91' lang='lat' dir='ltr'>minores</span> 
     </span>
    </p>

    <p class='ocr_par' dir='ltr' id='par_1_3' title="bbox 141 246 1064 295">
     <span class='ocr_line' id='line_1_3' title="bbox 141 246 1064 295; baseline -0.001 -10"><span class='ocrx_word' id='word_1_9' title='bbox 141 248 287 285; x_wconf 86' lang='lat' dir='ltr'>Italiam</span> <span class='ocrx_word' id='word_1_10' title='bbox 317 248 456 285; x_wconf 85' lang='lat' dir='ltr'>dixisse</span> <span class='ocrx_word' id='word_1_11' title='bbox 485 247 593 285; x_wconf 86' lang='lat' dir='ltr'>ducis</span> <span class='ocrx_word' id='word_1_12' title='bbox 624 247 671 284; x_wconf 88' lang='lat' dir='ltr'>de</span> <span class='ocrx_word' id='word_1_13' title='bbox 701 246 857 284; x_wconf 90' lang='lat' dir='ltr'>nomine</span> <span class='ocrx_word' id='word_1_14' title='bbox 886 254 1064 295; x_wconf 84' lang='lat' dir='ltr'>gentem;</span> 
     </span>
    </p>

    <p class='ocr_par' dir='ltr' id='par_1_4' title="bbox 140 306 468 352">
     <span class='ocr_line' id='line_1_4' title="bbox 140 306 468 352; baseline 0.003 -9"><span class='ocrx_word' id='word_1_15' title='bbox 140 307 201 344; x_wconf 88' lang='lat' dir='ltr'>hic</span> <span class='ocrx_word' id='word_1_16' title='bbox 230 319 360 344; x_wconf 89' lang='lat' dir='ltr'>cursus</span> <span class='ocrx_word' id='word_1_17' title='bbox 389 306 468 352; x_wconf 89' lang='lat' dir='ltr'>fuit,</span> 
     </span>
    </p>

    <p class='ocr_par' dir='ltr' id='par_1_5' title="bbox 140 365 1149 415">
     <span class='ocr_line' id='line_1_5' title="bbox 140 365 1149 415; baseline -0.002 -12"><span class='ocrx_word' id='word_1_18' title='bbox 140 379 228 404; x_wconf 89' lang='lat' dir='ltr'>cum</span> <span class='ocrx_word' id='word_1_19' title='bbox 259 366 382 403; x_wconf 90' lang='lat' dir='ltr'>subito</span> <span class='ocrx_word' id='word_1_20' title='bbox 412 378 617 415; x_wconf 83' lang='lat' dir='ltr'>assurgens</span> <span class='ocrx_word' id='word_1_21' title='bbox 647 366 765 403; x_wconf 82' lang='lat' dir='ltr'>fluctu</span> <span class='ocrx_word' id='word_1_22' title='bbox 795 366 996 404; x_wconf 88' lang='lat' dir='ltr'>nimbosus</span> <span class='ocrx_word' id='word_1_23' title='bbox 1026 365 1149 404; x_wconf 91' lang='lat' dir='ltr'>Orion</span> 
     </span>
    </p>

    <p class='ocr_par' dir='ltr' id='par_1_6' title="bbox 140 425 1260 593">
     <span class='ocr_line' id='line_1_6' title="bbox 140 425 1260 474; baseline -0.001 -12"><span class='ocrx_word' id='word_1_24' title='bbox 140 427 179 463; x_wconf 88' lang='lat' dir='ltr'>in</span> <span class='ocrx_word' id='word_1_25' title='bbox 208 425 304 462; x_wconf 91' lang='lat' dir='ltr'>vada</span> <span class='ocrx_word' id='word_1_26' title='bbox 332 437 448 462; x_wconf 88' lang='lat' dir='ltr'>caeca</span> <span class='ocrx_word' id='word_1_27' title='bbox 477 425 569 470; x_wconf 81' lang='lat' dir='ltr'>tulit,</span> <span class='ocrx_word' id='word_1_28' title='bbox 599 425 826 474; x_wconf 82' lang='lat' dir='ltr'>penitusque</span> <span class='ocrx_word' id='word_1_29' title='bbox 856 425 1082 474; x_wconf 85' lang='lat' dir='ltr'>procacibus</span> <span class='ocrx_word' id='word_1_30' title='bbox 1112 425 1260 462; x_wconf 84' lang='lat' dir='ltr'>Austris</span> 
     </span>
     <span class='ocr_line' id='line_1_7' title="bbox 140 484 1207 534; baseline -0.001 -13"><span class='ocrx_word' id='word_1_31' title='bbox 140 497 283 534; x_wconf 81' lang='lat' dir='ltr'>perque</span> <span class='ocrx_word' id='word_1_32' title='bbox 312 484 434 521; x_wconf 90' lang='lat' dir='ltr'>undas</span> <span class='ocrx_word' id='word_1_33' title='bbox 465 490 666 533; x_wconf 83' lang='lat' dir='ltr'>superante</span> <span class='ocrx_word' id='word_1_34' title='bbox 697 484 776 521; x_wconf 85' lang='lat' dir='ltr'>salo</span> <span class='ocrx_word' id='word_1_35' title='bbox 810 496 957 533; x_wconf 88' lang='lat' dir='ltr'>perque</span> <span class='ocrx_word' id='word_1_36' title='bbox 986 484 1086 522; x_wconf 90' lang='lat' dir='ltr'>invia</span> <span class='ocrx_word' id='word_1_37' title='bbox 1115 496 1207 521; x_wconf 82' lang='lat' dir='ltr'>saxa</span> 
     </span>
     <span class='ocr_line' id='line_1_8' title="bbox 140 543 1097 593; baseline -0.001 -12"><span class='ocrx_word' id='word_1_38' title='bbox 140 544 316 593; x_wconf 88' lang='lat' dir='ltr'>dispulit:</span> <span class='ocrx_word' id='word_1_39' title='bbox 356 543 430 580; x_wconf 89' lang='lat' dir='ltr'>huc</span> <span class='ocrx_word' id='word_1_40' title='bbox 458 543 570 592; x_wconf 90' lang='lat' dir='ltr'>pauci</span> <span class='ocrx_word' id='word_1_41' title='bbox 598 543 730 580; x_wconf 90' lang='lat' dir='ltr'>vestris</span> <span class='ocrx_word' id='word_1_42' title='bbox 759 544 983 580; x_wconf 80' lang='lat' dir='ltr'>armavimus</span> <span class='ocrx_word' id='word_1_43' title='bbox 1012 544 1097 580; x_wconf 87' lang='lat' dir='ltr'>oris.</span> 
     </span>
    </p>
   </div>
   <div class='ocr_carea' id='block_1_3' title="bbox 1468 379 1530 411">
    <p class='ocr_par' dir='ltr' id='par_1_7' title="bbox 1468 379 1530 411">
     <span class='ocr_line' id='line_1_9' title="bbox 1468 379 1530 411; baseline -0.016 0"><span class='ocrx_word' id='word_1_44' title='bbox 1468 379 1530 411; x_wconf 75' lang='lat'>535</span> 
     </span>
    </p>
   </div>
   <div class='ocr_carea' id='block_1_4' title="bbox 141 602 1531 652">
    <p class='ocr_par' dir='ltr' id='par_1_8' title="bbox 141 602 1531 652">
     <span class='ocr_line' id='line_1_10' title="bbox 141 602 1531 652; baseline -0.001 -12"><span class='ocrx_word' id='word_1_45' title='bbox 141 603 259 649; x_wconf 86' lang='lat' dir='ltr'>Quod</span> <span class='ocrx_word' id='word_1_46' title='bbox 288 615 409 652; x_wconf 87' lang='lat' dir='ltr'>genus</span> <span class='ocrx_word' id='word_1_47' title='bbox 438 603 512 640; x_wconf 86' lang='lat' dir='ltr'>hoc</span> <span class='ocrx_word' id='word_1_48' title='bbox 538 602 766 639; x_wconf 88' lang='lat' dir='ltr'>hominum?</span> <span class='ocrx_word' id='word_1_49' title='bbox 801 614 946 650; x_wconf 89' lang='lat' dir='ltr'>quaeve</span> <span class='ocrx_word' id='word_1_50' title='bbox 969 602 1072 639; x_wconf 92' lang='lat' dir='ltr'>hunc</span> <span class='ocrx_word' id='word_1_51' title='bbox 1097 609 1175 639; x_wconf 88' lang='lat' dir='ltr'>tam</span> <span class='ocrx_word' id='word_1_52' title='bbox 1197 602 1358 639; x_wconf 86' lang='lat' dir='ltr'>barbara</span> <span class='ocrx_word' id='word_1_53' title='bbox 1382 613 1531 639; x_wconf 90' lang='lat' dir='ltr'>morem</span> 
     </span>
    </p>
   </div>
   <div class='ocr_carea' id='block_1_5' title="bbox 117 661 1289 2490">
    <p class='ocr_par' dir='ltr' id='par_1_9' title="bbox 139 661 1194 770">
     <span class='ocr_line' id='line_1_11' title="bbox 140 661 1194 712; baseline -0.002 -12"><span class='ocrx_word' id='word_1_54' title='bbox 140 663 321 712; x_wconf 84' lang='lat' dir='ltr'>permittit</span> <span class='ocrx_word' id='word_1_55' title='bbox 343 662 495 712; x_wconf 72' lang='lat' dir='ltr'>patria?</span> <span class='ocrx_word' id='word_1_56' title='bbox 534 661 700 710; x_wconf 89' lang='lat' dir='ltr'>hospitio</span> <span class='ocrx_word' id='word_1_57' title='bbox 730 661 978 710; x_wconf 87' lang='lat' dir='ltr'>prohibemur</span> <span class='ocrx_word' id='word_1_58' title='bbox 1007 661 1194 708; x_wconf 88' lang='lat' dir='ltr'>harenae;</span> 
     </span>
     <span class='ocr_line' id='line_1_12' title="bbox 139 721 1137 770; baseline -0.002 -11"><span class='ocrx_word' id='word_1_59' title='bbox 139 722 238 759; x_wconf 91' lang='lat' dir='ltr'>bella</span> <span class='ocrx_word' id='word_1_60' title='bbox 267 722 377 767; x_wconf 90' lang='lat' dir='ltr'>cient,</span> <span class='ocrx_word' id='word_1_61' title='bbox 407 722 607 770; x_wconf 87' lang='lat' dir='ltr'>primaque</span> <span class='ocrx_word' id='word_1_62' title='bbox 636 727 763 758; x_wconf 85' lang='lat' dir='ltr'>vetant</span> <span class='ocrx_word' id='word_1_63' title='bbox 793 721 1000 758; x_wconf 88' lang='lat' dir='ltr'>consistere</span> <span class='ocrx_word' id='word_1_64' title='bbox 1030 728 1137 758; x_wconf 89' lang='lat' dir='ltr'>terra.</span> 
     </span>
    </p>

    <p class='ocr_par' dir='ltr' id='par_1_10' title="bbox 140 780 1181 947">
     <span class='ocr_line' id='line_1_13' title="bbox 142 780 1181 830; baseline -0.003 -11"><span class='ocrx_word' id='word_1_65' title='bbox 142 782 181 819; x_wconf 90' lang='lat' dir='ltr'>Si</span> <span class='ocrx_word' id='word_1_66' title='bbox 209 793 331 830; x_wconf 85' lang='lat' dir='ltr'>genus</span> <span class='ocrx_word' id='word_1_67' title='bbox 360 781 573 818; x_wconf 88' lang='lat' dir='ltr'>humanum</span> <span class='ocrx_word' id='word_1_68' title='bbox 603 786 640 817; x_wconf 92' lang='lat' dir='ltr'>et</span> <span class='ocrx_word' id='word_1_69' title='bbox 668 780 840 817; x_wconf 87' lang='lat' dir='ltr'>mortalia</span> <span class='ocrx_word' id='word_1_70' title='bbox 869 780 1036 817; x_wconf 85' lang='lat' dir='ltr'>temnitis</span> <span class='ocrx_word' id='word_1_71' title='bbox 1065 792 1181 825; x_wconf 89' lang='lat' dir='ltr'>arma,</span> 
     </span>
     <span class='ocr_line' id='line_1_14' title="bbox 140 839 1170 889; baseline -0.002 -10"><span class='ocrx_word' id='word_1_72' title='bbox 140 850 177 879; x_wconf 87' lang='lat' dir='ltr'>at</span> <span class='ocrx_word' id='word_1_73' title='bbox 206 847 354 889; x_wconf 84' lang='lat' dir='ltr'>sperate</span> <span class='ocrx_word' id='word_1_74' title='bbox 383 840 477 877; x_wconf 92' lang='lat' dir='ltr'>deos</span> <span class='ocrx_word' id='word_1_75' title='bbox 506 851 698 877; x_wconf 85' lang='lat' dir='ltr'>memores</span> <span class='ocrx_word' id='word_1_76' title='bbox 729 839 832 876; x_wconf 88' lang='lat' dir='ltr'>fandi</span> <span class='ocrx_word' id='word_1_77' title='bbox 862 847 975 888; x_wconf 90' lang='lat' dir='ltr'>atque</span> <span class='ocrx_word' id='word_1_78' title='bbox 1005 839 1170 877; x_wconf 86' lang='lat' dir='ltr'>nefandi.</span> 
     </span>
     <span class='ocr_line' id='line_1_15' title="bbox 141 899 1063 947; baseline -0.003 -9"><span class='ocrx_word' id='word_1_79' title='bbox 141 901 226 938; x_wconf 81' lang='lat' dir='ltr'>Rex</span> <span class='ocrx_word' id='word_1_80' title='bbox 256 906 334 936; x_wconf 80' lang='lat' dir='ltr'>erat</span> <span class='ocrx_word' id='word_1_81' title='bbox 363 899 515 936; x_wconf 87' lang='lat' dir='ltr'>Aeneas</span> <span class='ocrx_word' id='word_1_82' title='bbox 545 899 668 944; x_wconf 89' lang='lat' dir='ltr'>nobis,</span> <span class='ocrx_word' id='word_1_83' title='bbox 700 911 776 947; x_wconf 92' lang='lat' dir='ltr'>quo</span> <span class='ocrx_word' id='word_1_84' title='bbox 808 899 940 936; x_wconf 86' lang='lat' dir='ltr'>iustior</span> <span class='ocrx_word' id='word_1_85' title='bbox 970 899 1063 936; x_wconf 87' lang='lat' dir='ltr'>alter</span> 
     </span>
    </p>

    <p class='ocr_par' dir='ltr' id='par_1_11' title="bbox 141 957 1236 1362">
     <span class='ocr_line' id='line_1_16' title="bbox 141 957 1085 1008; baseline -0.003 -11"><span class='ocrx_word' id='word_1_86' title='bbox 141 972 211 997; x_wconf 87' lang='lat' dir='ltr'>nec</span> <span class='ocrx_word' id='word_1_87' title='bbox 240 959 379 1008; x_wconf 82' lang='lat' dir='ltr'>pietate</span> <span class='ocrx_word' id='word_1_88' title='bbox 409 957 476 995; x_wconf 87' lang='lat' dir='ltr'>fuit</span> <span class='ocrx_word' id='word_1_89' title='bbox 504 970 576 995; x_wconf 90' lang='lat' dir='ltr'>nec</span> <span class='ocrx_word' id='word_1_90' title='bbox 605 958 705 995; x_wconf 92' lang='lat' dir='ltr'>bello</span> <span class='ocrx_word' id='word_1_91' title='bbox 736 959 857 995; x_wconf 89' lang='lat' dir='ltr'>maior</span> <span class='ocrx_word' id='word_1_92' title='bbox 886 965 922 995; x_wconf 88' lang='lat' dir='ltr'>et</span> <span class='ocrx_word' id='word_1_93' title='bbox 949 959 1085 995; x_wconf 89' lang='lat' dir='ltr'>armis:</span> 
     </span>
     <span class='ocr_line' id='line_1_17' title="bbox 141 1017 1137 1069; baseline -0.002 -13"><span class='ocrx_word' id='word_1_94' title='bbox 141 1031 257 1069; x_wconf 90' lang='lat' dir='ltr'>quem</span> <span class='ocrx_word' id='word_1_95' title='bbox 288 1019 319 1055; x_wconf 92' lang='lat' dir='ltr'>si</span> <span class='ocrx_word' id='word_1_96' title='bbox 348 1017 422 1054; x_wconf 86' lang='lat' dir='ltr'>fata</span> <span class='ocrx_word' id='word_1_97' title='bbox 451 1018 571 1054; x_wconf 89' lang='lat' dir='ltr'>virum</span> <span class='ocrx_word' id='word_1_98' title='bbox 602 1024 763 1062; x_wconf 83' lang='lat' dir='ltr'>servant,</span> <span class='ocrx_word' id='word_1_99' title='bbox 795 1017 825 1054; x_wconf 90' lang='lat' dir='ltr'>si</span> <span class='ocrx_word' id='word_1_100' title='bbox 856 1018 1019 1054; x_wconf 83' lang='lat' dir='ltr'>vescitur</span> <span class='ocrx_word' id='word_1_101' title='bbox 1048 1030 1137 1055; x_wconf 86' lang='lat' dir='ltr'>aura</span> 
     </span>
     <span class='ocr_line' id='line_1_18' title="bbox 141 1076 1236 1126; baseline -0.002 -11"><span class='ocrx_word' id='word_1_102' title='bbox 141 1078 306 1116; x_wconf 88' lang='lat' dir='ltr'>aetheria</span> <span class='ocrx_word' id='word_1_103' title='bbox 335 1089 460 1126; x_wconf 88' lang='lat' dir='ltr'>neque</span> <span class='ocrx_word' id='word_1_104' title='bbox 489 1077 613 1113; x_wconf 88' lang='lat' dir='ltr'>adhuc</span> <span class='ocrx_word' id='word_1_105' title='bbox 643 1076 858 1114; x_wconf 89' lang='lat' dir='ltr'>crudelibus</span> <span class='ocrx_word' id='word_1_106' title='bbox 887 1077 1052 1114; x_wconf 88' lang='lat' dir='ltr'>occubat</span> <span class='ocrx_word' id='word_1_107' title='bbox 1081 1077 1236 1123; x_wconf 86' lang='lat' dir='ltr'>umbris,</span> 
     </span>
     <span class='ocr_line' id='line_1_19' title="bbox 141 1135 1143 1185; baseline -0.003 -9"><span class='ocrx_word' id='word_1_108' title='bbox 141 1150 222 1176; x_wconf 90' lang='lat' dir='ltr'>non</span> <span class='ocrx_word' id='word_1_109' title='bbox 250 1144 384 1173; x_wconf 87' lang='lat' dir='ltr'>metus.</span> <span class='ocrx_word' id='word_1_110' title='bbox 444 1135 582 1173; x_wconf 86' lang='lat' dir='ltr'>Officio</span> <span class='ocrx_word' id='word_1_111' title='bbox 611 1148 684 1172; x_wconf 88' lang='lat' dir='ltr'>nec</span> <span class='ocrx_word' id='word_1_112' title='bbox 715 1142 750 1172; x_wconf 89' lang='lat' dir='ltr'>te</span> <span class='ocrx_word' id='word_1_113' title='bbox 781 1143 945 1173; x_wconf 84' lang='lat' dir='ltr'>certasse</span> <span class='ocrx_word' id='word_1_114' title='bbox 975 1137 1143 1185; x_wconf 86' lang='lat' dir='ltr'>priorem</span> 
     </span>
     <span class='ocr_line' id='line_1_20' title="bbox 142 1194 1105 1248; baseline -0.002 -14"><span class='ocrx_word' id='word_1_115' title='bbox 142 1197 356 1248; x_wconf 87' lang='lat' dir='ltr'>paeniteat:</span> <span class='ocrx_word' id='word_1_116' title='bbox 396 1201 484 1232; x_wconf 85' lang='lat' dir='ltr'>sunt</span> <span class='ocrx_word' id='word_1_117' title='bbox 512 1202 549 1232; x_wconf 93' lang='lat' dir='ltr'>et</span> <span class='ocrx_word' id='word_1_118' title='bbox 580 1194 713 1231; x_wconf 87' lang='lat' dir='ltr'>Siculis</span> <span class='ocrx_word' id='word_1_119' title='bbox 743 1195 963 1244; x_wconf 85' lang='lat' dir='ltr'>regionibus</span> <span class='ocrx_word' id='word_1_120' title='bbox 993 1196 1105 1232; x_wconf 88' lang='lat' dir='ltr'>urbes</span> 
     </span>
     <span class='ocr_line' id='line_1_21' title="bbox 142 1254 1230 1305; baseline -0.002 -12"><span class='ocrx_word' id='word_1_121' title='bbox 142 1268 332 1305; x_wconf 85' lang='lat' dir='ltr'>armaque,</span> <span class='ocrx_word' id='word_1_122' title='bbox 363 1255 612 1303; x_wconf 86' lang='lat' dir='ltr'>Troianoque</span> <span class='ocrx_word' id='word_1_123' title='bbox 642 1267 664 1291; x_wconf 91' lang='lat' dir='ltr'>a</span> <span class='ocrx_word' id='word_1_124' title='bbox 693 1254 878 1303; x_wconf 85' lang='lat' dir='ltr'>sanguine</span> <span class='ocrx_word' id='word_1_125' title='bbox 908 1254 1030 1292; x_wconf 91' lang='lat' dir='ltr'>clarus</span> <span class='ocrx_word' id='word_1_126' title='bbox 1059 1255 1230 1292; x_wconf 86' lang='lat' dir='ltr'>Acestes.</span> 
     </span>
     <span class='ocr_line' id='line_1_22' title="bbox 144 1313 1099 1362; baseline -0.002 -10"><span class='ocrx_word' id='word_1_127' title='bbox 144 1316 376 1362; x_wconf 84' lang='lat' dir='ltr'>Quassatam</span> <span class='ocrx_word' id='word_1_128' title='bbox 404 1314 525 1351; x_wconf 85' lang='lat' dir='ltr'>ventis</span> <span class='ocrx_word' id='word_1_129' title='bbox 554 1314 665 1350; x_wconf 83' lang='lat' dir='ltr'>liceat</span> <span class='ocrx_word' id='word_1_130' title='bbox 694 1313 906 1350; x_wconf 86' lang='lat' dir='ltr'>subducere</span> <span class='ocrx_word' id='word_1_131' title='bbox 936 1313 1099 1350; x_wconf 90' lang='lat' dir='ltr'>classem</span> 
     </span>
    </p>

    <p class='ocr_par' dir='ltr' id='par_1_12' title="bbox 144 1373 1072 1422">
     <span class='ocr_line' id='line_1_23' title="bbox 144 1373 1072 1422; baseline -0.003 -10"><span class='ocrx_word' id='word_1_132' title='bbox 144 1383 181 1412; x_wconf 88' lang='lat' dir='ltr'>et</span> <span class='ocrx_word' id='word_1_133' title='bbox 209 1375 310 1412; x_wconf 86' lang='lat' dir='ltr'>silvis</span> <span class='ocrx_word' id='word_1_134' title='bbox 340 1380 467 1422; x_wconf 86' lang='lat' dir='ltr'>aptare</span> <span class='ocrx_word' id='word_1_135' title='bbox 497 1374 623 1410; x_wconf 86' lang='lat' dir='ltr'>trabes</span> <span class='ocrx_word' id='word_1_136' title='bbox 653 1380 689 1410; x_wconf 93' lang='lat' dir='ltr'>et</span> <span class='ocrx_word' id='word_1_137' title='bbox 720 1373 902 1421; x_wconf 88' lang='lat' dir='ltr'>stringere</span> <span class='ocrx_word' id='word_1_138' title='bbox 933 1384 1072 1417; x_wconf 87' lang='lat' dir='ltr'>remos,</span> 
     </span>
    </p>

    <p class='ocr_par' dir='ltr' id='par_1_13' title="bbox 145 1433 1007 1482">
     <span class='ocr_line' id='line_1_24' title="bbox 145 1433 1007 1482; baseline -0.002 -11"><span class='ocrx_word' id='word_1_139' title='bbox 145 1435 175 1472; x_wconf 90' lang='lat' dir='ltr'>si</span> <span class='ocrx_word' id='word_1_140' title='bbox 204 1434 314 1471; x_wconf 88' lang='lat' dir='ltr'>datur</span> <span class='ocrx_word' id='word_1_141' title='bbox 344 1433 493 1469; x_wconf 84' lang='lat' dir='ltr'>Italiam</span> <span class='ocrx_word' id='word_1_142' title='bbox 523 1433 637 1470; x_wconf 90' lang='lat' dir='ltr'>sociis</span> <span class='ocrx_word' id='word_1_143' title='bbox 668 1439 704 1469; x_wconf 90' lang='lat' dir='ltr'>et</span> <span class='ocrx_word' id='word_1_144' title='bbox 733 1445 823 1480; x_wconf 86' lang='lat' dir='ltr'>rege</span> <span class='ocrx_word' id='word_1_145' title='bbox 853 1440 1007 1482; x_wconf 85' lang='lat' dir='ltr'>recepto</span> 
     </span>
    </p>

    <p class='ocr_par' dir='ltr' id='par_1_14' title="bbox 117 1492 1271 1718">
     <span class='ocr_line' id='line_1_25' title="bbox 145 1492 1161 1541; baseline -0.003 -10"><span class='ocrx_word' id='word_1_146' title='bbox 145 1493 311 1538; x_wconf 90' lang='lat' dir='ltr'>tendere,</span> <span class='ocrx_word' id='word_1_147' title='bbox 341 1500 382 1530; x_wconf 89' lang='lat' dir='ltr'>ut</span> <span class='ocrx_word' id='word_1_148' title='bbox 410 1492 558 1529; x_wconf 85' lang='lat' dir='ltr'>Italiam</span> <span class='ocrx_word' id='word_1_149' title='bbox 587 1492 674 1529; x_wconf 90' lang='lat' dir='ltr'>laeti</span> <span class='ocrx_word' id='word_1_150' title='bbox 704 1492 933 1541; x_wconf 82' lang='lat' dir='ltr'>Latiumque</span> <span class='ocrx_word' id='word_1_151' title='bbox 961 1504 1161 1541; x_wconf 80' lang='lat' dir='ltr'>petamus;</span> 
     </span>
     <span class='ocr_line' id='line_1_26' title="bbox 147 1551 1271 1600; baseline -0.001 -10"><span class='ocrx_word' id='word_1_152' title='bbox 147 1555 205 1591; x_wconf 89' lang='lat' dir='ltr'>sin</span> <span class='ocrx_word' id='word_1_153' title='bbox 234 1554 437 1600; x_wconf 82' lang='lat' dir='ltr'>absumpta</span> <span class='ocrx_word' id='word_1_154' title='bbox 467 1551 579 1596; x_wconf 92' lang='lat' dir='ltr'>salus,</span> <span class='ocrx_word' id='word_1_155' title='bbox 609 1558 646 1588; x_wconf 91' lang='lat' dir='ltr'>et</span> <span class='ocrx_word' id='word_1_156' title='bbox 675 1558 723 1597; x_wconf 91' lang='lat' dir='ltr'>te,</span> <span class='ocrx_word' id='word_1_157' title='bbox 753 1559 860 1600; x_wconf 86' lang='lat' dir='ltr'>pater</span> <span class='ocrx_word' id='word_1_158' title='bbox 889 1552 1033 1600; x_wconf 84' lang='lat' dir='ltr'>optime</span> <span class='ocrx_word' id='word_1_159' title='bbox 1065 1551 1271 1597; x_wconf 86' lang='lat' dir='ltr'>Teucrum,</span> 
     </span>
     <span class='ocr_line' id='line_1_27' title="bbox 117 1610 1180 1663; baseline -0.003 -13"><span class='ocrx_word' id='word_1_160' title='bbox 117 1615 122 1621; x_wconf 86' lang='lat'>&#39;</span> <span class='ocrx_word' id='word_1_161' title='bbox 146 1619 287 1663; x_wconf 88' lang='lat' dir='ltr'>pontus</span> <span class='ocrx_word' id='word_1_162' title='bbox 316 1611 431 1648; x_wconf 85' lang='lat' dir='ltr'>habet</span> <span class='ocrx_word' id='word_1_163' title='bbox 458 1610 601 1660; x_wconf 86' lang='lat' dir='ltr'>Libyae</span> <span class='ocrx_word' id='word_1_164' title='bbox 631 1623 703 1647; x_wconf 89' lang='lat' dir='ltr'>nec</span> <span class='ocrx_word' id='word_1_165' title='bbox 732 1622 821 1659; x_wconf 90' lang='lat' dir='ltr'>spes</span> <span class='ocrx_word' id='word_1_166' title='bbox 851 1611 927 1646; x_wconf 88' lang='lat' dir='ltr'>iam</span> <span class='ocrx_word' id='word_1_167' title='bbox 955 1618 1069 1647; x_wconf 84' lang='lat' dir='ltr'>restat</span> <span class='ocrx_word' id='word_1_168' title='bbox 1098 1610 1180 1656; x_wconf 90' lang='lat' dir='ltr'>Iuli,</span> 
     </span>
     <span class='ocr_line' id='line_1_28' title="bbox 147 1669 1081 1718; baseline -0.004 -9"><span class='ocrx_word' id='word_1_169' title='bbox 147 1680 185 1710; x_wconf 88' lang='lat' dir='ltr'>at</span> <span class='ocrx_word' id='word_1_170' title='bbox 214 1671 307 1708; x_wconf 88' lang='lat' dir='ltr'>freta</span> <span class='ocrx_word' id='word_1_171' title='bbox 337 1670 511 1707; x_wconf 86' lang='lat' dir='ltr'>Sicaniae</span> <span class='ocrx_word' id='word_1_172' title='bbox 542 1670 675 1706; x_wconf 86' lang='lat' dir='ltr'>saltem</span> <span class='ocrx_word' id='word_1_173' title='bbox 705 1669 893 1718; x_wconf 89' lang='lat' dir='ltr'>sedesque</span> <span class='ocrx_word' id='word_1_174' title='bbox 922 1676 1081 1718; x_wconf 84' lang='lat' dir='ltr'>paratas,</span> 
     </span>
    </p>

    <p class='ocr_par' dir='ltr' id='par_1_15' title="bbox 147 1727 1204 1887">
     <span class='ocr_line' id='line_1_29' title="bbox 147 1727 1204 1777; baseline -0.004 -9"><span class='ocrx_word' id='word_1_175' title='bbox 147 1731 249 1768; x_wconf 90' lang='lat' dir='ltr'>unde</span> <span class='ocrx_word' id='word_1_176' title='bbox 279 1730 353 1767; x_wconf 91' lang='lat' dir='ltr'>huc</span> <span class='ocrx_word' id='word_1_177' title='bbox 383 1729 539 1775; x_wconf 88' lang='lat' dir='ltr'>advecti,</span> <span class='ocrx_word' id='word_1_178' title='bbox 570 1740 779 1777; x_wconf 86' lang='lat' dir='ltr'>regemque</span> <span class='ocrx_word' id='word_1_179' title='bbox 810 1734 984 1776; x_wconf 88' lang='lat' dir='ltr'>petamus</span> <span class='ocrx_word' id='word_1_180' title='bbox 1013 1727 1204 1764; x_wconf 88' lang='lat' dir='ltr'>Acesten.’</span> 
     </span>
     <span class='ocr_line' id='line_1_30' title="bbox 148 1786 1171 1834; baseline -0.004 -7"><span class='ocrx_word' id='word_1_181' title='bbox 148 1790 307 1827; x_wconf 89' lang='lat' dir='ltr'>Talibus</span> <span class='ocrx_word' id='word_1_182' title='bbox 337 1788 527 1834; x_wconf 90' lang='lat' dir='ltr'>Ilioneus;</span> <span class='ocrx_word' id='word_1_183' title='bbox 567 1788 693 1825; x_wconf 89' lang='lat' dir='ltr'>cuncti</span> <span class='ocrx_word' id='word_1_184' title='bbox 722 1786 834 1824; x_wconf 89' lang='lat' dir='ltr'>simul</span> <span class='ocrx_word' id='word_1_185' title='bbox 862 1798 927 1824; x_wconf 90' lang='lat' dir='ltr'>ore</span> <span class='ocrx_word' id='word_1_186' title='bbox 957 1786 1171 1824; x_wconf 89' lang='lat' dir='ltr'>fremebant</span> 
     </span>
     <span class='ocr_line' id='line_1_31' title="bbox 147 1848 402 1887; baseline -0.012 0"><span class='ocrx_word' id='word_1_187' title='bbox 147 1848 402 1887; x_wconf 78' lang='lat' dir='ltr'>Dardanidae.</span> 
     </span>
    </p>

    <p class='ocr_par' dir='ltr' id='par_1_16' title="bbox 149 1905 1219 2123">
     <span class='ocr_line' id='line_1_32' title="bbox 203 1905 1219 1954; baseline -0.003 -9"><span class='ocrx_word' id='word_1_188' title='bbox 203 1908 308 1945; x_wconf 90' lang='lat' dir='ltr'>Tum</span> <span class='ocrx_word' id='word_1_189' title='bbox 335 1908 496 1944; x_wconf 89' lang='lat' dir='ltr'>breviter</span> <span class='ocrx_word' id='word_1_190' title='bbox 524 1906 628 1944; x_wconf 91' lang='lat' dir='ltr'>Dido</span> <span class='ocrx_word' id='word_1_191' title='bbox 656 1906 801 1943; x_wconf 87' lang='lat' dir='ltr'>vultum</span> <span class='ocrx_word' id='word_1_192' title='bbox 832 1905 998 1943; x_wconf 91' lang='lat' dir='ltr'>demissa</span> <span class='ocrx_word' id='word_1_193' title='bbox 1028 1905 1219 1954; x_wconf 86' lang='lat' dir='ltr'>profatur:</span> 
     </span>
     <span class='ocr_line' id='line_1_33' title="bbox 151 1965 1190 2011; baseline -0.004 -6"><span class='ocrx_word' id='word_1_194' title='bbox 151 1968 313 2005; x_wconf 84' lang='lat' dir='ltr'>‘Solvite</span> <span class='ocrx_word' id='word_1_195' title='bbox 344 1967 458 2004; x_wconf 91' lang='lat' dir='ltr'>corde</span> <span class='ocrx_word' id='word_1_196' title='bbox 487 1974 643 2011; x_wconf 89' lang='lat' dir='ltr'>metum,</span> <span class='ocrx_word' id='word_1_197' title='bbox 673 1966 825 2011; x_wconf 90' lang='lat' dir='ltr'>Teucri,</span> <span class='ocrx_word' id='word_1_198' title='bbox 858 1965 1040 2002; x_wconf 90' lang='lat' dir='ltr'>secludite</span> <span class='ocrx_word' id='word_1_199' title='bbox 1070 1977 1190 2002; x_wconf 83' lang='lat' dir='ltr'>curas.</span> 
     </span>
     <span class='ocr_line' id='line_1_34' title="bbox 150 2024 1107 2074; baseline -0.005 -9"><span class='ocrx_word' id='word_1_200' title='bbox 150 2028 230 2065; x_wconf 86' lang='lat' dir='ltr'>Res</span> <span class='ocrx_word' id='word_1_201' title='bbox 259 2027 353 2063; x_wconf 90' lang='lat' dir='ltr'>dura</span> <span class='ocrx_word' id='word_1_202' title='bbox 381 2033 417 2063; x_wconf 89' lang='lat' dir='ltr'>et</span> <span class='ocrx_word' id='word_1_203' title='bbox 446 2027 552 2074; x_wconf 88' lang='lat' dir='ltr'>regni</span> <span class='ocrx_word' id='word_1_204' title='bbox 581 2025 729 2062; x_wconf 87' lang='lat' dir='ltr'>novitas</span> <span class='ocrx_word' id='word_1_205' title='bbox 759 2037 821 2061; x_wconf 92' lang='lat' dir='ltr'>me</span> <span class='ocrx_word' id='word_1_206' title='bbox 851 2024 937 2060; x_wconf 86' lang='lat' dir='ltr'>talia</span> <span class='ocrx_word' id='word_1_207' title='bbox 966 2032 1107 2072; x_wconf 87' lang='lat' dir='ltr'>cogunt</span> 
     </span>
     <span class='ocr_line' id='line_1_35' title="bbox 149 2083 886 2123; baseline -0.004 0"><span class='ocrx_word' id='word_1_208' title='bbox 149 2086 273 2123; x_wconf 89' lang='lat' dir='ltr'>moliri</span> <span class='ocrx_word' id='word_1_209' title='bbox 303 2093 340 2122; x_wconf 89' lang='lat' dir='ltr'>et</span> <span class='ocrx_word' id='word_1_210' title='bbox 368 2086 440 2122; x_wconf 85' lang='lat' dir='ltr'>late</span> <span class='ocrx_word' id='word_1_211' title='bbox 469 2085 565 2121; x_wconf 89' lang='lat' dir='ltr'>fines</span> <span class='ocrx_word' id='word_1_212' title='bbox 593 2083 751 2121; x_wconf 88' lang='lat' dir='ltr'>custode</span> <span class='ocrx_word' id='word_1_213' title='bbox 780 2084 886 2120; x_wconf 78' lang='lat' dir='ltr'>tueri.</span> 
     </span>
    </p>

    <p class='ocr_par' dir='ltr' id='par_1_17' title="bbox 150 2142 1289 2253">
     <span class='ocr_line' id='line_1_36' title="bbox 151 2142 1289 2193; baseline -0.004 -11"><span class='ocrx_word' id='word_1_214' title='bbox 151 2146 248 2192; x_wconf 88' lang='lat' dir='ltr'>Quis</span> <span class='ocrx_word' id='word_1_215' title='bbox 278 2157 400 2193; x_wconf 85' lang='lat' dir='ltr'>genus</span> <span class='ocrx_word' id='word_1_216' title='bbox 430 2143 669 2188; x_wconf 82' lang='lat' dir='ltr'>Aeneadum,</span> <span class='ocrx_word' id='word_1_217' title='bbox 699 2143 783 2192; x_wconf 89' lang='lat' dir='ltr'>quis</span> <span class='ocrx_word' id='word_1_218' title='bbox 813 2142 952 2180; x_wconf 88' lang='lat' dir='ltr'>Troiae</span> <span class='ocrx_word' id='word_1_219' title='bbox 982 2143 1126 2180; x_wconf 88' lang='lat' dir='ltr'>nesciat</span> <span class='ocrx_word' id='word_1_220' title='bbox 1155 2143 1289 2179; x_wconf 87' lang='lat' dir='ltr'>urbem</span> 
     </span>
     <span class='ocr_line' id='line_1_37' title="bbox 150 2201 1142 2253; baseline -0.003 -13"><span class='ocrx_word' id='word_1_221' title='bbox 150 2206 378 2253; x_wconf 81' lang='lat' dir='ltr'>virtutesque</span> <span class='ocrx_word' id='word_1_222' title='bbox 408 2204 582 2252; x_wconf 90' lang='lat' dir='ltr'>virosque</span> <span class='ocrx_word' id='word_1_223' title='bbox 611 2210 675 2240; x_wconf 93' lang='lat' dir='ltr'>aut</span> <span class='ocrx_word' id='word_1_224' title='bbox 703 2202 797 2240; x_wconf 88' lang='lat' dir='ltr'>tanti</span> <span class='ocrx_word' id='word_1_225' title='bbox 825 2202 1003 2239; x_wconf 87' lang='lat' dir='ltr'>incendia</span> <span class='ocrx_word' id='word_1_226' title='bbox 1031 2201 1142 2238; x_wconf 87' lang='lat' dir='ltr'>belli?</span> 
     </span>
    </p>

    <p class='ocr_par' dir='ltr' id='par_1_18' title="bbox 152 2260 1106 2310">
     <span class='ocr_line' id='line_1_38' title="bbox 152 2260 1106 2310; baseline -0.005 -9"><span class='ocrx_word' id='word_1_227' title='bbox 152 2264 245 2301; x_wconf 91' lang='lat' dir='ltr'>Non</span> <span class='ocrx_word' id='word_1_228' title='bbox 273 2265 409 2301; x_wconf 81' lang='lat' dir='ltr'>obtusa</span> <span class='ocrx_word' id='word_1_229' title='bbox 438 2263 535 2299; x_wconf 85' lang='lat' dir='ltr'>adeo</span> <span class='ocrx_word' id='word_1_230' title='bbox 564 2269 757 2310; x_wconf 81' lang='lat' dir='ltr'>gestamus</span> <span class='ocrx_word' id='word_1_231' title='bbox 791 2268 946 2310; x_wconf 85' lang='lat' dir='ltr'>pectora</span> <span class='ocrx_word' id='word_1_232' title='bbox 975 2260 1106 2305; x_wconf 88' lang='lat' dir='ltr'>Poeni,</span> 
     </span>
    </p>

    <p class='ocr_par' dir='ltr' id='par_1_19' title="bbox 151 2320 1267 2490">
     <span class='ocr_line' id='line_1_39' title="bbox 151 2320 1267 2370; baseline -0.004 -10"><span class='ocrx_word' id='word_1_233' title='bbox 151 2335 224 2360; x_wconf 90' lang='lat' dir='ltr'>nec</span> <span class='ocrx_word' id='word_1_234' title='bbox 253 2330 330 2359; x_wconf 83' lang='lat' dir='ltr'>tarn</span> <span class='ocrx_word' id='word_1_235' title='bbox 361 2334 511 2359; x_wconf 88' lang='lat' dir='ltr'>aversus</span> <span class='ocrx_word' id='word_1_236' title='bbox 541 2333 661 2370; x_wconf 89' lang='lat' dir='ltr'>equos</span> <span class='ocrx_word' id='word_1_237' title='bbox 692 2320 809 2369; x_wconf 84' lang='lat' dir='ltr'>Tyria</span> <span class='ocrx_word' id='word_1_238' title='bbox 839 2320 903 2357; x_wconf 89' lang='lat' dir='ltr'>Sol</span> <span class='ocrx_word' id='word_1_239' title='bbox 932 2320 1052 2368; x_wconf 83' lang='lat' dir='ltr'>iungit</span> <span class='ocrx_word' id='word_1_240' title='bbox 1086 2320 1135 2356; x_wconf 86' lang='lat' dir='ltr'>ab</span> <span class='ocrx_word' id='word_1_241' title='bbox 1164 2320 1267 2356; x_wconf 91' lang='lat' dir='ltr'>urbe.</span> 
     </span>
     <span class='ocr_line' id='line_1_40' title="bbox 154 2379 1196 2429; baseline -0.005 -10"><span class='ocrx_word' id='word_1_242' title='bbox 154 2383 229 2419; x_wconf 85' lang='lat' dir='ltr'>Seu</span> <span class='ocrx_word' id='word_1_243' title='bbox 257 2394 324 2418; x_wconf 89' lang='lat' dir='ltr'>vos</span> <span class='ocrx_word' id='word_1_244' title='bbox 354 2380 587 2429; x_wconf 89' lang='lat' dir='ltr'>Hesperiam</span> <span class='ocrx_word' id='word_1_245' title='bbox 616 2392 799 2428; x_wconf 80' lang='lat' dir='ltr'>magnam</span> <span class='ocrx_word' id='word_1_246' title='bbox 830 2379 1080 2427; x_wconf 83' lang='lat' dir='ltr'>Saturniaque</span> <span class='ocrx_word' id='word_1_247' title='bbox 1109 2390 1196 2415; x_wconf 83' lang='lat' dir='ltr'>arva</span> 
     </span>
     <span class='ocr_line' id='line_1_41' title="bbox 152 2438 1130 2490; baseline -0.005 -12"><span class='ocrx_word' id='word_1_248' title='bbox 152 2442 229 2479; x_wconf 87' lang='lat' dir='ltr'>sive</span> <span class='ocrx_word' id='word_1_249' title='bbox 258 2441 390 2490; x_wconf 85' lang='lat' dir='ltr'>Erycis</span> <span class='ocrx_word' id='word_1_250' title='bbox 419 2441 514 2477; x_wconf 87' lang='lat' dir='ltr'>fines</span> <span class='ocrx_word' id='word_1_251' title='bbox 543 2452 751 2489; x_wconf 83' lang='lat' dir='ltr'>regemque</span> <span class='ocrx_word' id='word_1_252' title='bbox 781 2439 922 2488; x_wconf 84' lang='lat' dir='ltr'>optatis</span> <span class='ocrx_word' id='word_1_253' title='bbox 953 2438 1130 2483; x_wconf 85' lang='lat' dir='ltr'>Acesten,</span> 
     </span>
    </p>
   </div>
   <div class='ocr_carea' id='block_1_6' title="bbox 1469 675 1532 706">
    <p class='ocr_par' dir='ltr' id='par_1_20' title="bbox 1469 675 1532 706">
     <span class='ocr_line' id='line_1_42' title="bbox 1469 675 1532 706; baseline 0 0"><span class='ocrx_word' id='word_1_254' title='bbox 1469 675 1532 706; x_wconf 84' lang='lat'>540</span> 
     </span>
    </p>
   </div>
   <div class='ocr_carea' id='block_1_7' title="bbox 1471 973 1532 1004">
    <p class='ocr_par' dir='ltr' id='par_1_21' title="bbox 1471 973 1532 1004">
     <span class='ocr_line' id='line_1_43' title="bbox 1471 973 1532 1004; baseline -0.016 0"><span class='ocrx_word' id='word_1_255' title='bbox 1471 973 1532 1004; x_wconf 75' lang='lat'>545</span> 
     </span>
    </p>
   </div>
   <div class='ocr_carea' id='block_1_8' title="bbox 1472 1269 1535 1301">
    <p class='ocr_par' dir='ltr' id='par_1_22' title="bbox 1472 1269 1535 1301">
     <span class='ocr_line' id='line_1_44' title="bbox 1472 1269 1535 1301; baseline 0.016 -1"><span class='ocrx_word' id='word_1_256' title='bbox 1472 1269 1535 1301; x_wconf 87' lang='lat'>550</span> 
     </span>
    </p>
   </div>
   <div class='ocr_carea' id='block_1_9' title="bbox 1474 1566 1535 1596">
    <p class='ocr_par' dir='ltr' id='par_1_23' title="bbox 1474 1566 1535 1596">
     <span class='ocr_line' id='line_1_45' title="bbox 1474 1566 1535 1596; baseline -0.016 0"><span class='ocrx_word' id='word_1_257' title='bbox 1474 1566 1535 1596; x_wconf 78' lang='lat'>555</span> 
     </span>
    </p>
   </div>
   <div class='ocr_carea' id='block_1_10' title="bbox 1475 1853 1538 1892">
    <p class='ocr_par' dir='ltr' id='par_1_24' title="bbox 1475 1853 1538 1892">
     <span class='ocr_line' id='line_1_46' title="bbox 1475 1853 1538 1892; baseline 0 -9"><span class='ocrx_word' id='word_1_258' title='bbox 1475 1853 1538 1892; x_wconf 73' lang='lat'>560</span> 
     </span>
    </p>
   </div>
   <div class='ocr_carea' id='block_1_11' title="bbox 1475 2147 1536 2186">
    <p class='ocr_par' dir='ltr' id='par_1_25' title="bbox 1475 2147 1536 2186">
     <span class='ocr_line' id='line_1_47' title="bbox 1475 2147 1536 2186; baseline 0 0"><span class='ocrx_word' id='word_1_259' title='bbox 1475 2147 1536 2186; x_wconf 73' lang='lat'>565</span> 
     </span>
    </p>
   </div>
   <div class='ocr_carea' id='block_1_12' title="bbox 1477 2451 1540 2483">
    <p class='ocr_par' dir='ltr' id='par_1_26' title="bbox 1477 2451 1540 2483">
     <span class='ocr_line' id='line_1_48' title="bbox 1477 2451 1540 2483; baseline 0.032 -2"><span class='ocrx_word' id='word_1_260' title='bbox 1477 2451 1540 2483; x_wconf 70' lang='lat'>570</span> 
     </span>
    </p>
   </div>
  </div>
 </body>
</html>
