1669 2737
558 531 1037 594 AENEIS.

414 717 648 759 LIBER
700 716 1184 760 UNDECIMUS.

109 841 302 881 OCEANUM
330 843 476 882 interea
506 856 666 894 surgens
695 845 844 881 Aurora
873 843 1047 892 reliquit:

108 901 272 948 Aeneas,
301 915 535 953 quamquam
565 911 602 941 et
631 903 744 941 sociis
774 903 863 939 dare
892 909 1043 950 tempus
1072 899 1275 937 humandis

107 962 358 1010 praecipitant
386 975 498 1000 curae
527 964 752 1011 turbataque
782 962 913 998 funere
943 972 1052 997 mens
1081 967 1148 1006 est,

106 1027 195 1058 vota
223 1022 338 1059 deum
366 1023 490 1072 primo
518 1023 636 1060 victor
665 1021 833 1059 solvebat
861 1021 958 1058 Eoo.

107 1079 312 1129 Ingentem
341 1093 524 1131 quercum
553 1081 689 1119 decisis
718 1080 888 1130 undique
918 1080 1034 1117 ramis

108 1142 301 1178 constituit
332 1142 479 1179 tumulo
509 1141 768 1190 fulgentiaque
796 1140 916 1177 induit
946 1151 1062 1184 arma,

109 1199 278 1238 Mezenti
307 1200 415 1238 ducis
443 1201 607 1245 exuvias,
638 1200 715 1245 tibi,
746 1211 897 1248 magne,
928 1206 1139 1248 tropaeum,

108 1258 366 1308 Bellipotens:
406 1266 511 1310 aptat
539 1266 710 1296 rorantes
739 1258 924 1306 sanguine
953 1258 1084 1295 cristas

108 1318 257 1367 telaque
286 1325 420 1356 trunca
448 1318 514 1354 viri
543 1324 580 1355 et
608 1318 665 1354 bis
695 1329 760 1354 sex
790 1316 947 1354 thoraca
975 1316 1135 1365 petitum

108 1377 399 1427 perfossumque
428 1377 532 1421 locis,
563 1377 803 1426 clipeumque
833 1389 881 1413 ex
910 1387 995 1413 aere
1026 1376 1197 1413 sinistrae

109 1437 273 1486 subligat
302 1445 414 1486 atque
443 1448 575 1474 ensem
605 1436 704 1474 collo
734 1435 931 1484 suspendit
958 1435 1157 1472 eburnum-

110 1498 215 1535 Tum
244 1498 371 1535 socios
400 1496 583 1547 (namque
612 1497 738 1534 omnis
767 1508 856 1533 eum
885 1496 1023 1544 stipata
1052 1495 1206 1544 tegebat

109 1558 220 1594 turba
247 1556 405 1606 ducum)
434 1557 488 1594 sic
517 1556 704 1605 incipiens
732 1555 902 1592 hortatur
932 1562 1111 1592 ovantes:

113 1616 308 1654 ‘Maxima
334 1628 394 1653 res
423 1616 570 1660 effecta,
601 1616 690 1660 viri;
729 1615 843 1651 timor
872 1615 998 1651 omnis
1028 1614 1173 1658 abesto,

112 1676 218 1725 quod
246 1681 442 1724 superest:
483 1675 578 1712 haec
608 1680 696 1712 sunt
726 1673 848 1722 spolia
876 1681 912 1710 et
942 1672 989 1710 de
1018 1684 1109 1721 rege
1139 1672 1306 1721 superbo

111 1735 310 1784 primitiae,
339 1734 594 1783 manibusque
623 1733 720 1770 meis
749 1731 964 1769 Mezentius
993 1731 1055 1769 hic
1085 1738 1151 1768 est.

113 1793 228 1831 Nune
258 1794 326 1831 iter
354 1793 403 1831 ad
431 1805 563 1842 regern
591 1792 703 1830 nobis
732 1804 938 1841 murosque
968 1790 1138 1828 Latinos.

112 1853 233 1890 Arma
261 1859 390 1901 parate
420 1852 555 1889 animis
584 1858 622 1889 et
650 1863 717 1900 spe
746 1851 974 1900 praesumite
1003 1849 1156 1894 bellum,

113 1924 163 1949 ne
192 1924 267 1961 qua
295 1923 404 1948 mora
432 1911 599 1960 ignaros,
629 1911 694 1948 ubi
722 1911 889 1960 primum
918 1909 1052 1946 vellere
1083 1909 1193 1958 signa

115 1971 316 2008 annuerint
345 1970 481 2019 Superi
510 1970 728 2019 pubemque
758 1969 920 2006 educere
950 1967 1090 2012 castris,

114 2030 298 2079 impediat
326 2030 502 2078 segnisve
531 2037 635 2067 metu
666 2029 854 2066 sententia
883 2027 1016 2065 tardet.

115 2090 267 2127 Interea
295 2089 421 2127 socios
450 2089 724 2138 inhumataque
754 2099 918 2136 corpora
946 2095 1066 2124 terrae

115 2149 356 2193 mandemus,
385 2148 450 2197 qui
479 2148 583 2186 solus
612 2147 737 2184 honos
768 2146 989 2183 Acheronte
1019 2146 1088 2182 sub
1118 2146 1197 2183 imo
1227 2152 1293 2184 est.

116 2208 196 2246 Ite'
227 2208 289 2252 ait,
319 2207 514 2256 ‘egregias
544 2207 701 2252 animas,
733 2216 831 2254 quae
862 2204 1047 2253 sanguine
1076 2205 1187 2242 nobis

115 2268 217 2306 hanc
244 2267 404 2316 patriam
433 2278 612 2316 peperere
642 2277 724 2310 suo,
755 2265 932 2302 decorate
962 2264 1148 2313 supremis

116 2328 348 2370 muneribus,
377 2332 638 2374 maestamque
666 2323 832 2360 Evandri
861 2322 1006 2372 primus
1035 2323 1085 2360 ad
1111 2323 1246 2360 urbem

117 2387 285 2424 mittatur
314 2385 448 2430 Pallas,
478 2396 594 2434 quem
624 2395 705 2420 non
733 2382 876 2419 virtutis
907 2388 1085 2431 egentem

117 2446 268 2485 abstulit
297 2452 376 2483 atra
405 2444 485 2482 dies
515 2450 552 2481 et
581 2442 709 2480 funere
738 2442 868 2479 mersit
898 2441 1063 2480 acerbo.'

1460 1390 1497 1411 10

1461 1982 1502 2004 20

1463 2278 1501 2310 ²5
