1669 2737
543 81 707 116 LIBER
743 81 827 118 VII.
862 75 1073 130 534-610.

176 186 262 226 Nec
289 188 416 226 minus
444 189 587 227 interea
615 195 825 226 extremam
857 187 1029 226 Saturnia
1058 189 1158 226 bello

121 248 284 297 imponit
312 249 444 297 regina
471 261 641 286 manum.
698 249 790 286 Ruit
819 249 945 286 omnis
974 249 1012 285 in
1041 249 1176 286 urbem

121 314 318 357 pastorum
347 321 394 346 ex
423 309 504 348 acie
533 321 714 347 numerus
743 320 954 357 caesosque
983 316 1178 358 reportant

120 367 329 405 Almonem
358 381 519 418 puerum
548 368 766 417 foedatique
797 380 864 405 ora
893 367 1046 405 Galaesi

119 425 402 476 implorantque
431 427 524 465 deos
553 428 865 475 obtestanturque
894 425 1084 463 Latinum.

119 484 276 522 Turnus
305 486 413 523 adest
440 486 645 535 medioque
673 486 712 522 in
741 485 897 523 crimine
927 485 1053 523 caedis
1083 491 1120 522 et
1149 485 1226 534 igni

119 550 303 581 terrorem
333 545 565 593 ingeminat:
605 545 779 582 Teucros
809 545 849 581 in
877 557 996 594 regna
1025 545 1162 590 vocari,

119 604 274 653 stirpem
303 604 504 643 admisceri
533 604 750 653 Phrygiam,
782 617 822 642 se
851 604 980 642 limine
1009 605 1109 654 pelli.

118 661 223 700 Turn
252 675 416 712 quorum
445 664 624 701 attonitae
653 663 808 701 Baccho
836 676 996 701 nemora
1025 664 1106 701 aw'a
1135 669 1274 700 matres

117 721 297 758 insultant
325 722 454 759 thiasis
485 721 625 773 (neque
654 723 756 760 enim
784 722 864 760 leve
894 735 1038 760 nomen
1068 721 1246 772 Amatae)

116 782 286 831 undique
315 782 463 820 collecti
493 790 632 820 coeunt
661 782 903 832 Martemque
933 782 1103 831 fatigant.

116 840 223 879 Ilicet
251 841 450 878 infandum
479 843 607 880 cuncti
637 848 770 879 contra
799 843 930 879 omina
958 842 1112 887 bellum,

115 906 250 937 contra
278 899 354 938 fata
382 900 508 946 deum,
537 913 715 950 perverso
744 902 900 938 numine
930 908 1106 951 poscunt.

116 959 299 997 Certatim
327 960 427 1009 regis
457 960 702 998 circumstant
731 968 831 998 tecta
860 960 996 998 Latini.

115 1017 183 1056 Ille
211 1018 311 1056 velut
339 1018 466 1068 pelagi
494 1031 609 1068 rupes
638 1020 797 1057 immota
825 1020 971 1065 resistit,

113 1083 154 1114 ut
182 1077 307 1126 pelagi
334 1090 449 1126 rupes
479 1089 623 1127 magno
652 1079 826 1116 veniente
856 1078 1016 1128 fragore,

114 1148 211 1184 quae
240 1148 325 1174 sese
353 1136 482 1173 multis
511 1137 651 1174 circum
680 1137 901 1174 latrantibus
931 1138 1042 1175 undis

113 1195 216 1232 mole
244 1202 370 1238 tenet;
410 1196 558 1244 scopuli
587 1196 821 1245 nequiquam
852 1204 888 1234 et
918 1209 1078 1246 spumea
1107 1197 1249 1236 circum

113 1265 206 1291 saxa
235 1253 400 1291 fremunt
428 1253 610 1303 laterique
639 1255 734 1293 illisa
761 1256 971 1293 refunditur
1001 1256 1095 1304 alga.

111 1312 255 1350 Verum
285 1313 350 1350 ubi
379 1313 481 1351 nulla
510 1314 619 1351 datur
649 1327 805 1352 caecum
835 1328 1062 1364 exsuperare
1090 1323 1260 1364 potestas

111 1372 312 1409 consilium
341 1379 377 1409 et
405 1384 539 1410 saevae
568 1380 662 1410 nutu
691 1373 851 1411 Iunonis
881 1381 972 1411 eunt
1002 1386 1072 1420 res,

110 1431 228 1468 multa
256 1432 349 1469 deos
378 1443 566 1481 aurasque
594 1439 702 1482 pater
731 1439 889 1470 testatus
918 1434 1050 1470 inanes

112 1491 359 1540 ‘Frangimur
386 1490 462 1528 heu
490 1491 597 1528 fatis'
626 1491 748 1541 inquit
779 1492 1030 1542 ‘serimusque
1059 1492 1245 1541 procella!

109 1549 189 1599 Ipsi
216 1550 285 1588 has
314 1550 498 1599 sacrilego
528 1551 702 1599 pendetis
732 1553 916 1600 sanguine
945 1564 1100 1601 poenas,

108 1620 133 1646 o
161 1610 298 1647 miseri.
356 1609 426 1655 Te,
458 1609 600 1655 Turne,
630 1610 750 1655 nefas,
779 1618 815 1648 te
844 1612 946 1649 triste
975 1612 1143 1648 manebit

109 1669 351 1718 supplicium,
380 1669 555 1718 votisque
584 1669 677 1707 deos
707 1670 934 1707 venerabere
965 1672 1066 1707 seris.

108 1726 211 1764 Nam
239 1727 332 1764 mihi
360 1735 467 1777 parta
496 1728 614 1777 quies,
646 1730 849 1778 omnisque
878 1730 918 1766 in
946 1729 1075 1767 limine
1103 1737 1254 1779 portus:

107 1785 238 1824 funere
266 1786 366 1824 felici
395 1786 558 1836 spolior.'
616 1787 700 1825 Nec
727 1788 836 1837 plura
863 1789 1012 1826 locutus

107 1847 247 1895 saepsit
277 1858 318 1884 se
345 1847 454 1884 tectis
481 1859 683 1896 rerumque
711 1848 860 1897 reliquit
888 1848 1067 1886 habenas.

159 1905 251 1943 Mos
279 1912 359 1943 erat
387 1905 581 1955 Hesperio
610 1908 649 1943 in
677 1906 798 1953 Latio,
828 1919 943 1956 quem
972 1908 1145 1956 protinus
1174 1908 1285 1945 urbes

105 1964 279 2002 Albanae
308 1964 460 2002 coluere
488 1977 650 2007 sacrum,
679 1978 782 2003 nunc
810 1967 979 2003 maxima
1007 1979 1133 2003 rerum

106 2024 234 2061 Roma
262 2024 363 2070 colit,
391 2037 479 2062 cum
507 2025 630 2074 prima
657 2032 814 2063 movent
843 2026 882 2063 in
909 2025 1054 2075 proelia
1084 2026 1257 2072 Martem,

105 2084 182 2121 sive
211 2082 319 2121 Getis
347 2083 483 2121 inferre
511 2097 628 2122 manu
655 2085 885 2122 lacrimabile
914 2085 1054 2122 bellum

105 2142 341 2191 Hyrcanisve
370 2142 554 2181 Arabisve
582 2151 716 2193 parant
745 2157 811 2182 seu
839 2144 995 2182 tendere
1023 2144 1072 2181 ad
1100 2143 1220 2181 Indos

102 2201 370 2251 Auroramque
399 2203 506 2252 sequi
535 2203 773 2253 Parthosque
802 2215 1003 2252 reposcere
1032 2204 1152 2253 signa.

104 2260 200 2298 Sunt
227 2262 402 2309 geminae
430 2262 518 2299 belli
546 2271 677 2312 portae
703 2262 773 2313 (sic
801 2263 958 2300 nomine
988 2262 1134 2314 dicunt)

101 2320 284 2369 religione
313 2333 442 2358 sacrae
471 2328 508 2359 et
537 2323 636 2359 saevi
666 2322 866 2359 formidine
896 2321 1028 2359 Martis
1044 2336 1054 2369 3

102 2386 257 2416 centum
286 2380 384 2417 aerei
413 2380 592 2418 claudunt
621 2388 746 2418 vectes
775 2388 1003 2430 aeternaque
1031 2381 1117 2419 ferri

99 2439 251 2484 robora,
280 2450 351 2477 nec
380 2447 508 2477 custos
537 2440 683 2478 absistit
711 2440 840 2478 limine
869 2439 1007 2478 Ianus:

153 2520 239 2547 vor..
268 2520 292 2546 1.
776 2522 799 2554 Q

1440 671 1502 709 580

1428 1569 1489 1602 595

1424 1856 1487 1888 600

1421 2153 1480 2193 605

1417 2450 1478 2482 610
