1669 2737
560 72 728 107 LIBER
756 72 853 108 ΧΠ.
885 66 1096 123 soe-883.

133 183 322 221 Dicuntur
350 182 528 231 geminae
558 190 686 232 pestes
716 182 950 232 cognomine
980 182 1107 229 Dirae,

134 254 231 291 quas
260 249 297 280 et
327 241 551 280 Tartaream
581 242 672 280 Nox
702 242 932 291 intempesta
960 242 1189 292 Megaeram

133 314 212 339 uno
241 301 458 351 eodemque
486 302 569 339 tulit
598 309 707 352 partu
736 303 970 351 paribusque
1000 302 1159 340 revinxit

136 368 357 410 serpentum
387 361 497 410 spiris
527 369 783 411 ventosasque
812 362 957 399 addidit
987 362 1077 399 alas.

135 420 225 458 Hae
254 421 356 458 Iovis
385 421 435 459 ad
464 421 604 458 solium
634 422 813 470 saevique
843 421 882 457 in
911 421 1043 458 limine
1072 421 1173 470 regis

134 489 321 531 apparent
349 490 566 530 acuuntque
596 488 743 518 metum
772 481 997 518 mortalibus
1028 482 1164 529 aegris‚

135 540 164 578 si
194 541 349 590 quando
377 541 497 578 letum
525 541 746 578 horrificum
776 542 1014 590 morbosque
1045 541 1161 578 deum
1190 552 1257 578 rex

133 600 298 646 molitur,
328 601 482 638 meritas
511 608 574 638 aut
604 600 704 638 bello
735 601 876 638 territat
904 601 1029 638 urbes.

135 659 286 697 Harum
314 673 431 697 unam
461 660 622 697 celerem
653 660 805 698 demisit
834 661 882 698 ab
911 660 1064 697 aethere
1095 671 1248 697 summo

133 719 305 769 Iuppiter
333 720 449 769 inque
479 732 596 758 omen
626 720 806 758 Iuturnae
838 732 1039 757 occurrere
1070 719 1187 757 iussit.

134 779 204 817 Illa
232 780 334 817 volat
363 780 553 829 celerique
585 780 634 817 ad
664 787 802 817 terram
833 780 982 817 turbine
1012 778 1137 816 fertur.

135 839 229 877 Non
259 851 370 877 secus
400 852 444 877 ac
475 852 592 879 nervo
621 852 690 889 per
719 841 864 878 nubem
893 840 1060 889 impulsa
1094 839 1243 888 sagitta,

133 906 321 937 armatam
351 902 453 938 saevi
482 901 643 938 Parthus
674 914 791 950 quam
820 901 905 938 felle
935 900 1083 945 veneni,

133 959 294 998 Parthus
325 960 402 998 sive
433 960 584 1010 Cydon,
614 961 732 998 telum
762 960 1055 1005 immedicabile,
1084 961 1204 1005 torsit,

135 1020 298 1058 stridens
328 1028 365 1059 et
394 1021 537 1059 celeres
565 1022 765 1070 incognita
794 1021 956 1058 transilit
985 1020 1167 1058 umbras:

134 1080 219 1118 talis
250 1093 291 1118 se
319 1088 402 1119 sata
431 1080 558 1118 Nocte
588 1081 670 1118 tulit
700 1088 896 1130 terrasque
926 1080 1067 1130 petivit.

135 1136 348 1191 Postquam
377 1142 478 1179 acies
507 1141 608 1179 videt
638 1142 772 1179 Iliacas
804 1149 917 1190 atque
947 1140 1104 1189 agmina
1134 1139 1267 1185 Turni,

135 1200 232 1238 alitis
261 1201 300 1238 in
329 1213 468 1250 parvae
497 1202 662 1239 subitam
692 1200 851 1238 collecta
880 1200 1057 1248 figuram,

136 1272 234 1309 quae
261 1261 459 1311 quondam
488 1261 527 1297 in
556 1261 676 1298 bustis
707 1267 770 1297 aut
801 1260 1032 1297 culminibus
1063 1259 1223 1296 desertis

136 1328 251 1358 nocte
281 1320 419 1358 sedens
449 1333 577 1359 serum
607 1320 707 1358 canit
736 1321 957 1369 importuna
987 1331 1055 1368 per
1084 1319 1249 1364 umbras,

135 1380 236 1418 hanc
266 1392 373 1418 versa
401 1381 440 1417 in
470 1380 606 1418 faciem
635 1380 769 1423 Turnir
790 1392 830 1417 se
860 1379 979 1428 pestis
1009 1379 1060 1416 ob
1091 1390 1158 1415 ora

136 1439 283 1490 fertque
312 1439 500 1489 refertque
531 1452 674 1477 sonans
704 1439 950 1489 clipeumque
981 1439 1175 1475 everberat
1205 1437 1282 1474 alis.

137 1499 214 1537 Olli
243 1501 415 1537 membra
444 1512 567 1537 novus
597 1500 706 1537 solvit
736 1499 941 1536 formidine
971 1504 1114 1546 torpor,

137 1567 382 1608 arrectaeque
411 1559 569 1597 horrore
599 1572 748 1605 comae,
779 1569 815 1596 et
845 1570 920 1596 vox
951 1558 1122 1595 faucibus
1152 1556 1284 1593 haesit.

136 1620 188 1657 At
216 1620 351 1669 procul
379 1626 420 1656 ut
449 1619 565 1657 Dirae
594 1620 798 1657 stridorem
829 1618 986 1667 agnovit
1015 1624 1053 1655 et
1081 1617 1172 1660 alas,

137 1680 269 1718 infelix
299 1681 421 1718 crines
451 1680 590 1717 scindit
619 1680 777 1716 Iuturna
807 1679 966 1723 solutos,

137 1740 332 1789 unguibus
361 1751 429 1776 ora
457 1751 566 1776 soror
594 1738 758 1777 foedans
787 1745 825 1776 et
854 1744 1015 1787 pectora
1044 1737 1206 1786 pugnis:

138 1799 268 1847 ‘Quid
296 1812 400 1837 nune
428 1807 465 1836 te
494 1806 570 1845 tua,
600 1799 743 1844 Turne,
774 1805 900 1848 potest
928 1809 1116 1846 germana
1145 1796 1297 1833 iuvare?

139 1866 205 1896 aut
231 1859 324 1909 quid
352 1859 429 1895 iam
458 1858 573 1895 durae
604 1865 759 1908 superat
788 1857 905 1894 mihi?
946 1869 1022 1906 qua
1050 1857 1117 1893 tibi
1147 1856 1272 1893 lucem

139 1926 219 1957 arte
248 1920 400 1957 morer?
438 1918 552 1956 talin'
582 1931 744 1968 possum
773 1931 836 1955 me
866 1929 1067 1967 opponere
1096 1916 1299 1953 monstro?

138 1979 216 2016 iam
245 1978 322 2016 iam
351 1978 482 2028 linquo
513 1979 624 2016 acies.
683 1978 743 2015 Ne
774 1990 835 2014 me
864 1984 1000 2014 terrete
1030 1976 1241 2020 timentem,

140 2040 333 2077 obscenae
362 2039 557 2077 volucres:
597 2039 742 2076 alarum
773 2038 931 2075 verbera
960 2047 1082 2074 nosco

138 2100 369 2149 letalemque
399 2111 551 2145 sonum,
582 2111 654 2137 nec
684 2098 817 2135 fallunt
845 2098 946 2134 iussa
976 2097 1142 2145 superba

140 2159 380 2208 magnanimi
409 2158 523 2196 Iovis.
581 2158 693 2195 Haec
723 2169 792 2206 pro
823 2157 1037 2205 virginitate
1067 2155 1245 2204 reponit?

140 2231 219 2269 quo
248 2219 363 2255 vitam
393 2218 497 2256 dedit
525 2218 748 2256 aeternam?
788 2228 856 2254 cur
884 2216 1018 2253 mortis
1049 2215 1231 2263 adempta
1260 2221 1317 2251 est

141 2279 337 2317 conditio?
375 2291 533 2329 possem
561 2285 689 2315 tantos
719 2277 827 2314 finire
858 2275 1011 2313 dolores

140 2351 245 2377 nunc
273 2345 374 2376 certe
404 2345 442 2376 et
471 2339 611 2375 misero
641 2337 744 2373 fratri
773 2347 905 2374 comes
935 2335 987 2372 ire
1017 2347 1084 2384 per
1113 2334 1289 2371 umbras!

141 2399 368 2436 immortalis
396 2400 498 2448 ego?
537 2405 601 2435 aut
630 2397 838 2447 quicquam
867 2395 959 2432 mihi
990 2395 1101 2432 dulce
1131 2405 1307 2431 meorum

143 2465 181 2497 te
210 2459 302 2506 sine,
332 2458 456 2506 frater,
488 2458 582 2496 erit?
621 2469 645 2495 o
676 2468 775 2506 quae
805 2456 895 2493 satis
924 2455 1002 2491 ima
1031 2453 1204 2491 dehiscat

1447 80 1529 124 343

1469 1085 1534 1116 860

1469 1383 1532 1423 865

1471 1683 1536 1721 870

1471 2280 1535 2310 880
