1669 2737
592 68 760 102 LIBER
790 68 824 104 I.
859 62 1071 119 264-341.

137 184 207 212 ceu
235 185 388 223 pressae
417 186 506 212 cum
533 174 609 212 iam
638 183 791 225 portum
820 177 975 226 tetigere
1005 176 1156 214 carinae

135 233 328 282 puppibus
357 240 394 272 et
422 233 510 271 laeti
538 241 677 273 nautae
707 236 926 285 imposuere
957 247 1132 273 coronas.

137 290 213 329 Sed
241 298 370 330 tamen
399 300 437 331 et
466 305 631 342 quernas
659 294 820 343 glandes
849 302 930 332 turn
960 296 1144 344 stringere
1174 300 1325 343 tempus

134 357 171 388 et
198 350 291 388 lauri
319 352 435 390 bacas
464 352 665 402 oleamque
695 361 926 403 cruentaque
955 362 1088 403 myrta,

133 415 214 447 tum
243 411 400 459 gruibus
429 411 585 460 pedicas
613 419 650 449 et
678 413 772 450 retia
805 425 951 462 ponere
981 414 1099 451 cervis

134 470 350 520 auritosque
379 471 488 521 sequi
516 471 675 521 lepores,
706 480 787 510 turn
816 473 933 521 figere
962 473 1136 511 dammas

134 535 295 579 stuppea
323 536 566 580 torquentem
596 530 764 570 Balearis
794 532 949 570 verbera
979 533 1130 577 fundae,

134 599 222 625 cum
250 589 315 626 nix
344 589 418 628 alta
446 590 552 636 iacet,
583 591 744 639 glaciem
775 604 863 629 cum
896 592 1053 628 flumina
1081 591 1248 629 trudunt.

187 646 293 694 Quid
321 655 566 699 tempestates
596 652 766 688 autumni
796 658 833 688 et
862 652 985 689 sidera
1015 651 1151 696 dicam,

132 712 257 756 atque,
287 709 352 746 ubi
380 709 457 746 iam
486 709 709 759 breviorque
741 711 821 748 dies
850 718 888 748 et
916 711 1066 748 mollior
1095 718 1230 755 aestas,

132 777 231 815 quae
259 767 450 817 vigilanda
477 769 584 814 viris余
624 770 682 807 vel
710 782 798 807 cum
827 771 900 807 ruit
928 769 1164 807 imbriferum
1194 782 1268 815 ver,

132 826 262 875 spicea
289 828 365 865 iam
396 829 542 877 campis
572 841 660 866 cum
689 830 825 867 messis
854 830 1040 867 inhorruit
1070 837 1107 866 et
1136 841 1224 867 cum

132 884 323 924 frumenta
350 887 391 924 in
418 887 527 924 viridi
556 888 693 937 stipula
722 890 901 927 lactentia
930 889 1109 938 turgent?

133 944 257 994 Saepe
285 957 372 995 ego,
402 958 491 984 cum
520 947 625 985 flavis
654 960 866 986 messorem
895 948 1092 985 induceret
1121 947 1218 985 arvis

133 1004 299 1053 agricola
327 1012 364 1043 et
393 1005 512 1054 fragili
540 1006 615 1043 iam
646 1007 846 1057 stringeret
875 1007 1018 1044 hordea
1046 1006 1185 1052 culmo,

132 1064 264 1102 omnia
291 1070 491 1102 ventorum
521 1077 746 1104 concurrere
776 1067 922 1116 proelia
951 1067 1037 1113 vidi,

133 1135 231 1172 quae
258 1125 453 1174 gravidam
482 1125 553 1162 late
583 1132 753 1174 segetem
782 1128 830 1164 ab
860 1126 1049 1164 radicibus
1079 1126 1164 1164 imis

132 1183 334 1221 sublimem
364 1184 562 1234 expulsam
591 1193 773 1231 eruerent,
804 1186 855 1223 ita
882 1186 1032 1224 turbine
1062 1186 1172 1235 nigro

132 1241 243 1280 ferret
269 1243 419 1293 hiemps
448 1244 692 1294 culmumque
720 1245 842 1282 levem
871 1245 1105 1295 stipulasque
1134 1244 1318 1281 volantes.

134 1301 259 1351 Saepe
288 1303 402 1341 etiam
430 1303 661 1341 immensum
691 1305 797 1342 caelo
826 1305 927 1342 venit
956 1317 1095 1354 agmen
1125 1315 1322 1353 aquarum,

132 1368 169 1399 et
198 1362 352 1400 foedam
380 1363 597 1412 glomerant
626 1370 892 1412 tempestatem
921 1364 1105 1401 imbribus
1134 1363 1223 1400 atris

132 1421 315 1459 collectae
343 1435 391 1460 ex
419 1423 496 1460 alto
525 1423 646 1460 nubes
662 1435 672 1469 余
710 1424 782 1460 ruit
810 1423 948 1461 arduus
977 1423 1118 1468 aether,

132 1486 170 1517 et
197 1480 324 1530 pluvia
352 1481 498 1530 ingenti
527 1489 607 1519 sata
635 1482 733 1520 laeta
761 1483 959 1532 boumque
987 1483 1138 1520 labores

133 1539 240 1577 diluit
250 1553 261 1587 3
299 1541 504 1590 implentur
532 1541 660 1579 fossae
689 1548 726 1579 et
755 1554 847 1580 cava
874 1542 1031 1579 flumina
1061 1546 1235 1579 crescunt

133 1611 222 1637 cum
251 1600 378 1637 sonitu
407 1599 599 1650 fervetque
629 1600 730 1638 fretis
761 1602 991 1651 spirantibus
1023 1613 1179 1650 aequor.

133 1658 224 1707 Ipse
252 1659 365 1697 Pater
393 1660 520 1697 media
548 1660 765 1698 nimborum
795 1661 833 1698 in
862 1668 975 1698 nocte
1005 1672 1164 1698 corusca

133 1718 293 1755 fulmina
320 1718 474 1756 molitur
502 1718 658 1757 dextra:
699 1731 775 1769 quo
805 1721 974 1758 maxima
1002 1726 1112 1757 motu

134 1784 232 1816 terra
259 1780 407 1825 tremit3
447 1779 579 1829 fugere
609 1778 710 1817 ferae
739 1786 777 1817 et
805 1780 979 1817 mortalia
1008 1779 1126 1818 corda

133 1850 202 1888 per
229 1845 364 1887 gentes
392 1837 543 1876 humilis
573 1838 699 1876 stravit
726 1851 871 1887 pavor:
913 1839 972 1876 ille
1001 1838 1176 1888 flagranti

134 1904 198 1935 aut
225 1897 357 1935 Athon
385 1904 451 1935 aut
479 1897 701 1947 Rhodopen
729 1905 793 1935 aut
816 1898 890 1936 alta
919 1898 1109 1936 Ceraunia
1140 1897 1216 1934 telo

134 1957 281 2004 deiicit余
319 1957 559 2006 ingeminant
587 1957 716 1994 Austri
745 1964 782 1995 et
811 1957 1062 1995 densissimus
1093 1957 1237 1993 imber:

134 2029 238 2054 nunc
266 2028 427 2054 nemora
454 2016 598 2065 ingenti
626 2023 753 2062 vento,
781 2029 884 2055 nunc
913 2017 1023 2054 litora
1050 2016 1252 2065 plangunt.

135 2076 227 2115 Hoc
253 2083 430 2115 metuens
459 2076 553 2114 caeli
580 2087 733 2113 menses
762 2083 799 2113 et
829 2076 951 2113 sidera
981 2088 1096 2122 serva,

135 2135 271 2186 frigida
300 2136 450 2174 Saturni
479 2148 563 2174 sese
591 2148 669 2185 quo
701 2135 807 2173 stella
835 2143 1026 2185 receptet余

136 2208 234 2245 quos
262 2196 361 2245 ignis
390 2195 498 2233 caelo
528 2194 720 2244 Cyllenius
749 2202 847 2232 erret
873 2195 913 2231 in
943 2195 1066 2232 orbes.

136 2255 183 2293 In
211 2255 340 2305 primis
368 2266 546 2292 venerare
577 2255 683 2299 deos,
712 2262 826 2303 atque
856 2266 982 2291 annua
1011 2265 1177 2302 magnae

136 2327 243 2353 sacra
270 2315 367 2352 refer
396 2314 524 2352 Cereri
553 2313 660 2352 laetis
689 2321 869 2362 operatus
899 2313 938 2350 in
969 2313 1095 2350 herbis

137 2381 327 2412 extremae
357 2375 426 2412 sub
456 2386 590 2411 casum
619 2373 766 2417 hiemis,
797 2374 873 2410 iam
901 2384 985 2409 vere
1016 2384 1164 2410 sereno.

137 2433 242 2471 Tum
269 2435 432 2483 pingues
461 2434 550 2484 agni
579 2441 615 2471 et
645 2442 725 2470 tum
754 2432 978 2470 mollissima
1006 2432 1101 2477 vina,

243 2511 328 2538 vm..
351 2510 374 2536 1.
821 2509 846 2535 D

1470 74 1524 116 33

1461 307 1523 338 305

1458 902 1520 934 315

1462 1495 1521 1527 325

1463 1791 1525 1822 330

1460 2087 1523 2120 335

1462 2384 1525 2414 340
